timestamp,bid_price_1,bid_vol_1,bid_price_2,bid_vol_2,bid_price_3,bid_vol_3,bid_price_4,bid_vol_4,bid_price_5,bid_vol_5,ask_price_1,ask_vol_1,ask_price_2,ask_vol_2,ask_price_3,ask_vol_3,ask_price_4,ask_vol_4,ask_price_5,ask_vol_5,spread,mid_price,imbalance,symbol,total_bid_vol,total_ask_vol,time_diff,book_pressure,mid_return,volume_at_best
2025-08-11 10:56:19.677243,5471.0,404,0,0,0,0,0,0,0,0,5471.5,86,0,0,0,0,0,0,0,0,0.5,5471.25,0.6489795918367347,WDOU25,404.0,86.0,,0.8244897959183674,,490
2025-08-11 10:56:19.728168,5471.0,404,0,0,0,0,0,0,0,0,5471.5,86,0,0,0,0,0,0,0,0,0.5,5471.25,0.6489795918367347,WDOU25,404.0,86.0,0.050925,0.8244897959183674,0.0,490
2025-08-11 10:56:19.778983,5471.0,404,0,0,0,0,0,0,0,0,5471.5,86,0,0,0,0,0,0,0,0,0.5,5471.25,0.6489795918367347,WDOU25,404.0,86.0,0.050815,0.8244897959183674,0.0,490
2025-08-11 10:56:19.831483,5471.0,404,0,0,0,0,0,0,0,0,5471.5,86,0,0,0,0,0,0,0,0,0.5,5471.25,0.6489795918367347,WDOU25,404.0,86.0,0.0525,0.8244897959183674,0.0,490
2025-08-11 10:56:19.882135,5471.0,404,0,0,0,0,0,0,0,0,5471.5,86,0,0,0,0,0,0,0,0,0.5,5471.25,0.6489795918367347,WDOU25,404.0,86.0,0.050652,0.8244897959183674,0.0,490
2025-08-11 10:56:19.932967,5471.0,404,0,0,0,0,0,0,0,0,5471.5,20,0,0,0,0,0,0,0,0,0.5,5471.25,0.9056603773584906,WDOU25,404.0,20.0,0.050832,0.9528301886792453,0.0,424
2025-08-11 10:56:19.983448,5471.0,398,0,0,0,0,0,0,0,0,5471.5,20,0,0,0,0,0,0,0,0,0.5,5471.25,0.9043062200956936,WDOU25,398.0,20.0,0.050481,0.9521531100478469,0.0,418
2025-08-11 10:56:20.034064,5471.0,398,0,0,0,0,0,0,0,0,5471.5,20,0,0,0,0,0,0,0,0,0.5,5471.25,0.9043062200956936,WDOU25,398.0,20.0,0.050616,0.9521531100478469,0.0,418
2025-08-11 10:56:20.084623,5471.0,398,0,0,0,0,0,0,0,0,5471.5,20,0,0,0,0,0,0,0,0,0.5,5471.25,0.9043062200956936,WDOU25,398.0,20.0,0.050559,0.9521531100478469,0.0,418
2025-08-11 10:56:20.135241,5471.0,398,0,0,0,0,0,0,0,0,5471.5,20,0,0,0,0,0,0,0,0,0.5,5471.25,0.9043062200956936,WDOU25,398.0,20.0,0.050618,0.9521531100478469,0.0,418
2025-08-11 10:56:20.185853,5471.0,398,0,0,0,0,0,0,0,0,5471.5,20,0,0,0,0,0,0,0,0,0.5,5471.25,0.9043062200956936,WDOU25,398.0,20.0,0.050612,0.9521531100478469,0.0,418
2025-08-11 10:56:20.236415,5471.0,398,0,0,0,0,0,0,0,0,5471.5,20,0,0,0,0,0,0,0,0,0.5,5471.25,0.9043062200956936,WDOU25,398.0,20.0,0.050562,0.9521531100478469,0.0,418
2025-08-11 10:56:20.289977,5471.0,398,0,0,0,0,0,0,0,0,5471.5,20,0,0,0,0,0,0,0,0,0.5,5471.25,0.9043062200956936,WDOU25,398.0,20.0,0.053562,0.9521531100478469,0.0,418
2025-08-11 10:56:20.341061,5471.0,398,0,0,0,0,0,0,0,0,5471.5,20,0,0,0,0,0,0,0,0,0.5,5471.25,0.9043062200956936,WDOU25,398.0,20.0,0.051084,0.9521531100478469,0.0,418
2025-08-11 10:56:20.391994,5471.0,398,0,0,0,0,0,0,0,0,5471.5,20,0,0,0,0,0,0,0,0,0.5,5471.25,0.9043062200956936,WDOU25,398.0,20.0,0.050933,0.9521531100478469,0.0,418
2025-08-11 10:56:20.442820,5471.0,398,0,0,0,0,0,0,0,0,5471.5,20,0,0,0,0,0,0,0,0,0.5,5471.25,0.9043062200956936,WDOU25,398.0,20.0,0.050826,0.9521531100478469,0.0,418
2025-08-11 10:56:20.493657,5471.0,398,0,0,0,0,0,0,0,0,5472.0,848,0,0,0,0,0,0,0,0,1.0,5471.5,-0.3611556982343499,WDOU25,398.0,848.0,0.050837,0.31942215088282505,4.569339730409183e-05,1246
2025-08-11 10:56:20.544512,5471.5,225,0,0,0,0,0,0,0,0,5472.0,848,0,0,0,0,0,0,0,0,0.5,5471.75,-0.5806150978564771,WDOU25,225.0,848.0,0.050855,0.2096924510717614,4.569130951304068e-05,1073
2025-08-11 10:56:20.595363,5471.5,225,0,0,0,0,0,0,0,0,5472.0,848,0,0,0,0,0,0,0,0,0.5,5471.75,-0.5806150978564771,WDOU25,225.0,848.0,0.050851,0.2096924510717614,0.0,1073
2025-08-11 10:56:20.646215,5471.5,225,0,0,0,0,0,0,0,0,5472.0,848,0,0,0,0,0,0,0,0,0.5,5471.75,-0.5806150978564771,WDOU25,225.0,848.0,0.050852,0.2096924510717614,0.0,1073
2025-08-11 10:56:20.696762,5471.5,225,0,0,0,0,0,0,0,0,5472.0,848,0,0,0,0,0,0,0,0,0.5,5471.75,-0.5806150978564771,WDOU25,225.0,848.0,0.050547,0.2096924510717614,0.0,1073
2025-08-11 10:56:20.747656,5471.5,225,0,0,0,0,0,0,0,0,5472.0,848,0,0,0,0,0,0,0,0,0.5,5471.75,-0.5806150978564771,WDOU25,225.0,848.0,0.050894,0.2096924510717614,0.0,1073
2025-08-11 10:56:20.798498,5471.5,225,0,0,0,0,0,0,0,0,5472.0,848,0,0,0,0,0,0,0,0,0.5,5471.75,-0.5806150978564771,WDOU25,225.0,848.0,0.050842,0.2096924510717614,0.0,1073
2025-08-11 10:56:20.849231,5471.5,225,0,0,0,0,0,0,0,0,5472.0,848,0,0,0,0,0,0,0,0,0.5,5471.75,-0.5806150978564771,WDOU25,225.0,848.0,0.050733,0.2096924510717614,0.0,1073
2025-08-11 10:56:20.900046,5471.5,225,0,0,0,0,0,0,0,0,5472.0,848,0,0,0,0,0,0,0,0,0.5,5471.75,-0.5806150978564771,WDOU25,225.0,848.0,0.050815,0.2096924510717614,0.0,1073
2025-08-11 10:56:20.950921,5471.5,225,0,0,0,0,0,0,0,0,5472.0,848,0,0,0,0,0,0,0,0,0.5,5471.75,-0.5806150978564771,WDOU25,225.0,848.0,0.050875,0.2096924510717614,0.0,1073
2025-08-11 10:56:21.001887,5471.5,225,0,0,0,0,0,0,0,0,5472.0,850,0,0,0,0,0,0,0,0,0.5,5471.75,-0.5813953488372093,WDOU25,225.0,850.0,0.050966,0.20930232558139536,0.0,1075
2025-08-11 10:56:21.052859,5471.5,225,0,0,0,0,0,0,0,0,5472.0,850,0,0,0,0,0,0,0,0,0.5,5471.75,-0.5813953488372093,WDOU25,225.0,850.0,0.050972,0.20930232558139536,0.0,1075
2025-08-11 10:56:21.104091,5471.5,225,0,0,0,0,0,0,0,0,5472.0,850,0,0,0,0,0,0,0,0,0.5,5471.75,-0.5813953488372093,WDOU25,225.0,850.0,0.051232,0.20930232558139536,0.0,1075
2025-08-11 10:56:21.155410,5471.5,225,0,0,0,0,0,0,0,0,5472.0,850,0,0,0,0,0,0,0,0,0.5,5471.75,-0.5813953488372093,WDOU25,225.0,850.0,0.051319,0.20930232558139536,0.0,1075
2025-08-11 10:56:21.207200,5471.5,225,0,0,0,0,0,0,0,0,5472.0,850,0,0,0,0,0,0,0,0,0.5,5471.75,-0.5813953488372093,WDOU25,225.0,850.0,0.05179,0.20930232558139536,0.0,1075
2025-08-11 10:56:21.258113,5471.5,225,0,0,0,0,0,0,0,0,5472.0,850,0,0,0,0,0,0,0,0,0.5,5471.75,-0.5813953488372093,WDOU25,225.0,850.0,0.050913,0.20930232558139536,0.0,1075
2025-08-11 10:56:21.310214,5471.5,225,0,0,0,0,0,0,0,0,5472.0,850,0,0,0,0,0,0,0,0,0.5,5471.75,-0.5813953488372093,WDOU25,225.0,850.0,0.052101,0.20930232558139536,0.0,1075
2025-08-11 10:56:21.362030,5471.5,225,0,0,0,0,0,0,0,0,5472.0,850,0,0,0,0,0,0,0,0,0.5,5471.75,-0.5813953488372093,WDOU25,225.0,850.0,0.051816,0.20930232558139536,0.0,1075
2025-08-11 10:56:21.414306,5471.5,225,0,0,0,0,0,0,0,0,5472.0,850,0,0,0,0,0,0,0,0,0.5,5471.75,-0.5813953488372093,WDOU25,225.0,850.0,0.052276,0.20930232558139536,0.0,1075
2025-08-11 10:56:21.466774,5471.5,225,0,0,0,0,0,0,0,0,5472.0,850,0,0,0,0,0,0,0,0,0.5,5471.75,-0.5813953488372093,WDOU25,225.0,850.0,0.052468,0.20930232558139536,0.0,1075
2025-08-11 10:56:21.518985,5471.5,225,0,0,0,0,0,0,0,0,5472.0,850,0,0,0,0,0,0,0,0,0.5,5471.75,-0.5813953488372093,WDOU25,225.0,850.0,0.052211,0.20930232558139536,0.0,1075
2025-08-11 10:56:21.571410,5471.5,225,0,0,0,0,0,0,0,0,5472.0,850,0,0,0,0,0,0,0,0,0.5,5471.75,-0.5813953488372093,WDOU25,225.0,850.0,0.052425,0.20930232558139536,0.0,1075
2025-08-11 10:56:21.622646,5471.5,225,0,0,0,0,0,0,0,0,5472.0,850,0,0,0,0,0,0,0,0,0.5,5471.75,-0.5813953488372093,WDOU25,225.0,850.0,0.051236,0.20930232558139536,0.0,1075
2025-08-11 10:56:21.675984,5471.5,225,0,0,0,0,0,0,0,0,5472.0,850,0,0,0,0,0,0,0,0,0.5,5471.75,-0.5813953488372093,WDOU25,225.0,850.0,0.053338,0.20930232558139536,0.0,1075
2025-08-11 10:56:21.729168,5471.5,225,0,0,0,0,0,0,0,0,5472.0,850,0,0,0,0,0,0,0,0,0.5,5471.75,-0.5813953488372093,WDOU25,225.0,850.0,0.053184,0.20930232558139536,0.0,1075
2025-08-11 10:56:21.781279,5471.5,225,0,0,0,0,0,0,0,0,5472.0,850,0,0,0,0,0,0,0,0,0.5,5471.75,-0.5813953488372093,WDOU25,225.0,850.0,0.052111,0.20930232558139536,0.0,1075
2025-08-11 10:56:21.833639,5471.5,225,0,0,0,0,0,0,0,0,5472.0,850,0,0,0,0,0,0,0,0,0.5,5471.75,-0.5813953488372093,WDOU25,225.0,850.0,0.05236,0.20930232558139536,0.0,1075
2025-08-11 10:56:21.885382,5471.5,225,0,0,0,0,0,0,0,0,5472.0,850,0,0,0,0,0,0,0,0,0.5,5471.75,-0.5813953488372093,WDOU25,225.0,850.0,0.051743,0.20930232558139536,0.0,1075
2025-08-11 10:56:21.937418,5471.5,225,0,0,0,0,0,0,0,0,5472.0,849,0,0,0,0,0,0,0,0,0.5,5471.75,-0.5810055865921788,WDOU25,225.0,849.0,0.052036,0.20949720670391062,0.0,1074
2025-08-11 10:56:21.989872,5471.5,127,0,0,0,0,0,0,0,0,5472.0,849,0,0,0,0,0,0,0,0,0.5,5471.75,-0.7397540983606558,WDOU25,127.0,849.0,0.052454,0.13012295081967212,0.0,976
2025-08-11 10:56:22.040715,5471.5,127,0,0,0,0,0,0,0,0,5472.0,849,0,0,0,0,0,0,0,0,0.5,5471.75,-0.7397540983606558,WDOU25,127.0,849.0,0.050843,0.13012295081967212,0.0,976
2025-08-11 10:56:22.092396,5471.5,127,0,0,0,0,0,0,0,0,5472.0,849,0,0,0,0,0,0,0,0,0.5,5471.75,-0.7397540983606558,WDOU25,127.0,849.0,0.051681,0.13012295081967212,0.0,976
2025-08-11 10:56:22.144006,5471.5,127,0,0,0,0,0,0,0,0,5472.0,849,0,0,0,0,0,0,0,0,0.5,5471.75,-0.7397540983606558,WDOU25,127.0,849.0,0.05161,0.13012295081967212,0.0,976
2025-08-11 10:56:22.196336,5471.5,127,0,0,0,0,0,0,0,0,5472.0,849,0,0,0,0,0,0,0,0,0.5,5471.75,-0.7397540983606558,WDOU25,127.0,849.0,0.05233,0.13012295081967212,0.0,976
2025-08-11 10:56:22.248449,5471.5,127,0,0,0,0,0,0,0,0,5472.0,849,0,0,0,0,0,0,0,0,0.5,5471.75,-0.7397540983606558,WDOU25,127.0,849.0,0.052113,0.13012295081967212,0.0,976
2025-08-11 10:56:22.302350,5471.5,127,0,0,0,0,0,0,0,0,5472.0,849,0,0,0,0,0,0,0,0,0.5,5471.75,-0.7397540983606558,WDOU25,127.0,849.0,0.053901,0.13012295081967212,0.0,976
2025-08-11 10:56:22.354470,5471.5,127,0,0,0,0,0,0,0,0,5472.0,849,0,0,0,0,0,0,0,0,0.5,5471.75,-0.7397540983606558,WDOU25,127.0,849.0,0.05212,0.13012295081967212,0.0,976
2025-08-11 10:56:22.406585,5471.5,127,0,0,0,0,0,0,0,0,5472.0,849,0,0,0,0,0,0,0,0,0.5,5471.75,-0.7397540983606558,WDOU25,127.0,849.0,0.052115,0.13012295081967212,0.0,976
2025-08-11 10:56:22.457538,5471.5,127,0,0,0,0,0,0,0,0,5472.0,849,0,0,0,0,0,0,0,0,0.5,5471.75,-0.7397540983606558,WDOU25,127.0,849.0,0.050953,0.13012295081967212,0.0,976
2025-08-11 10:56:22.511916,5471.5,119,0,0,0,0,0,0,0,0,5472.0,824,0,0,0,0,0,0,0,0,0.5,5471.75,-0.7476139978791092,WDOU25,119.0,824.0,0.054378,0.1261930010604454,0.0,943
2025-08-11 10:56:22.562716,5471.5,119,0,0,0,0,0,0,0,0,5472.0,824,0,0,0,0,0,0,0,0,0.5,5471.75,-0.7476139978791092,WDOU25,119.0,824.0,0.0508,0.1261930010604454,0.0,943
2025-08-11 10:56:22.616489,5471.5,119,0,0,0,0,0,0,0,0,5472.0,824,0,0,0,0,0,0,0,0,0.5,5471.75,-0.7476139978791092,WDOU25,119.0,824.0,0.053773,0.1261930010604454,0.0,943
2025-08-11 10:56:22.667677,5471.5,119,0,0,0,0,0,0,0,0,5472.0,824,0,0,0,0,0,0,0,0,0.5,5471.75,-0.7476139978791092,WDOU25,119.0,824.0,0.051188,0.1261930010604454,0.0,943
2025-08-11 10:56:22.718812,5471.5,119,0,0,0,0,0,0,0,0,5472.0,824,0,0,0,0,0,0,0,0,0.5,5471.75,-0.7476139978791092,WDOU25,119.0,824.0,0.051135,0.1261930010604454,0.0,943
2025-08-11 10:56:22.770906,5471.5,119,0,0,0,0,0,0,0,0,5472.0,824,0,0,0,0,0,0,0,0,0.5,5471.75,-0.7476139978791092,WDOU25,119.0,824.0,0.052094,0.1261930010604454,0.0,943
2025-08-11 10:56:22.823173,5471.5,119,0,0,0,0,0,0,0,0,5472.0,824,0,0,0,0,0,0,0,0,0.5,5471.75,-0.7476139978791092,WDOU25,119.0,824.0,0.052267,0.1261930010604454,0.0,943
2025-08-11 10:56:22.874465,5471.5,119,0,0,0,0,0,0,0,0,5472.0,824,0,0,0,0,0,0,0,0,0.5,5471.75,-0.7476139978791092,WDOU25,119.0,824.0,0.051292,0.1261930010604454,0.0,943
2025-08-11 10:56:22.926579,5471.5,119,0,0,0,0,0,0,0,0,5472.0,824,0,0,0,0,0,0,0,0,0.5,5471.75,-0.7476139978791092,WDOU25,119.0,824.0,0.052114,0.1261930010604454,0.0,943
2025-08-11 10:56:22.977779,5471.5,119,0,0,0,0,0,0,0,0,5472.0,824,0,0,0,0,0,0,0,0,0.5,5471.75,-0.7476139978791092,WDOU25,119.0,824.0,0.0512,0.1261930010604454,0.0,943
2025-08-11 10:56:23.030569,5471.5,119,0,0,0,0,0,0,0,0,5472.0,824,0,0,0,0,0,0,0,0,0.5,5471.75,-0.7476139978791092,WDOU25,119.0,824.0,0.05279,0.1261930010604454,0.0,943
2025-08-11 10:56:23.083051,5471.5,182,0,0,0,0,0,0,0,0,5472.0,830,0,0,0,0,0,0,0,0,0.5,5471.75,-0.6403162055335968,WDOU25,182.0,830.0,0.052482,0.17984189723320157,0.0,1012
2025-08-11 10:56:23.134219,5471.5,182,0,0,0,0,0,0,0,0,5472.0,830,0,0,0,0,0,0,0,0,0.5,5471.75,-0.6403162055335968,WDOU25,182.0,830.0,0.051168,0.17984189723320157,0.0,1012
2025-08-11 10:56:23.185849,5471.5,182,0,0,0,0,0,0,0,0,5472.0,830,0,0,0,0,0,0,0,0,0.5,5471.75,-0.6403162055335968,WDOU25,182.0,830.0,0.05163,0.17984189723320157,0.0,1012
2025-08-11 10:56:23.237535,5471.5,182,0,0,0,0,0,0,0,0,5472.0,830,0,0,0,0,0,0,0,0,0.5,5471.75,-0.6403162055335968,WDOU25,182.0,830.0,0.051686,0.17984189723320157,0.0,1012
2025-08-11 10:56:23.289224,5471.5,182,0,0,0,0,0,0,0,0,5472.0,830,0,0,0,0,0,0,0,0,0.5,5471.75,-0.6403162055335968,WDOU25,182.0,830.0,0.051689,0.17984189723320157,0.0,1012
2025-08-11 10:56:23.340822,5471.5,182,0,0,0,0,0,0,0,0,5472.0,830,0,0,0,0,0,0,0,0,0.5,5471.75,-0.6403162055335968,WDOU25,182.0,830.0,0.051598,0.17984189723320157,0.0,1012
2025-08-11 10:56:23.391742,5471.5,182,0,0,0,0,0,0,0,0,5472.0,830,0,0,0,0,0,0,0,0,0.5,5471.75,-0.6403162055335968,WDOU25,182.0,830.0,0.05092,0.17984189723320157,0.0,1012
2025-08-11 10:56:23.443077,5471.5,182,0,0,0,0,0,0,0,0,5472.0,830,0,0,0,0,0,0,0,0,0.5,5471.75,-0.6403162055335968,WDOU25,182.0,830.0,0.051335,0.17984189723320157,0.0,1012
2025-08-11 10:56:23.496021,5471.5,182,0,0,0,0,0,0,0,0,5472.0,830,0,0,0,0,0,0,0,0,0.5,5471.75,-0.6403162055335968,WDOU25,182.0,830.0,0.052944,0.17984189723320157,0.0,1012
2025-08-11 10:56:23.553599,5471.5,182,0,0,0,0,0,0,0,0,5472.0,830,0,0,0,0,0,0,0,0,0.5,5471.75,-0.6403162055335968,WDOU25,182.0,830.0,0.057578,0.17984189723320157,0.0,1012
2025-08-11 10:56:23.604631,5471.5,182,0,0,0,0,0,0,0,0,5472.0,830,0,0,0,0,0,0,0,0,0.5,5471.75,-0.6403162055335968,WDOU25,182.0,830.0,0.051032,0.17984189723320157,0.0,1012
2025-08-11 10:56:23.656670,5471.5,182,0,0,0,0,0,0,0,0,5472.0,830,0,0,0,0,0,0,0,0,0.5,5471.75,-0.6403162055335968,WDOU25,182.0,830.0,0.052039,0.17984189723320157,0.0,1012
2025-08-11 10:56:23.707834,5471.5,182,0,0,0,0,0,0,0,0,5472.0,830,0,0,0,0,0,0,0,0,0.5,5471.75,-0.6403162055335968,WDOU25,182.0,830.0,0.051164,0.17984189723320157,0.0,1012
2025-08-11 10:56:23.761108,5471.5,182,0,0,0,0,0,0,0,0,5472.0,830,0,0,0,0,0,0,0,0,0.5,5471.75,-0.6403162055335968,WDOU25,182.0,830.0,0.053274,0.17984189723320157,0.0,1012
2025-08-11 10:56:23.812280,5471.5,189,0,0,0,0,0,0,0,0,5472.0,831,0,0,0,0,0,0,0,0,0.5,5471.75,-0.6294117647058823,WDOU25,189.0,831.0,0.051172,0.18529411764705883,0.0,1020
2025-08-11 10:56:23.864929,5471.5,189,0,0,0,0,0,0,0,0,5472.0,831,0,0,0,0,0,0,0,0,0.5,5471.75,-0.6294117647058823,WDOU25,189.0,831.0,0.052649,0.18529411764705883,0.0,1020
2025-08-11 10:56:23.916867,5471.5,189,0,0,0,0,0,0,0,0,5472.0,831,0,0,0,0,0,0,0,0,0.5,5471.75,-0.6294117647058823,WDOU25,189.0,831.0,0.051938,0.18529411764705883,0.0,1020
2025-08-11 10:56:23.969691,5471.5,189,0,0,0,0,0,0,0,0,5472.0,831,0,0,0,0,0,0,0,0,0.5,5471.75,-0.6294117647058823,WDOU25,189.0,831.0,0.052824,0.18529411764705883,0.0,1020
2025-08-11 10:56:24.020684,5471.5,189,0,0,0,0,0,0,0,0,5472.0,831,0,0,0,0,0,0,0,0,0.5,5471.75,-0.6294117647058823,WDOU25,189.0,831.0,0.050993,0.18529411764705883,0.0,1020
2025-08-11 10:56:24.072880,5471.5,189,0,0,0,0,0,0,0,0,5472.0,831,0,0,0,0,0,0,0,0,0.5,5471.75,-0.6294117647058823,WDOU25,189.0,831.0,0.052196,0.18529411764705883,0.0,1020
2025-08-11 10:56:24.125150,5471.5,189,0,0,0,0,0,0,0,0,5472.0,831,0,0,0,0,0,0,0,0,0.5,5471.75,-0.6294117647058823,WDOU25,189.0,831.0,0.05227,0.18529411764705883,0.0,1020
2025-08-11 10:56:24.177497,5471.5,189,0,0,0,0,0,0,0,0,5472.0,831,0,0,0,0,0,0,0,0,0.5,5471.75,-0.6294117647058823,WDOU25,189.0,831.0,0.052347,0.18529411764705883,0.0,1020
2025-08-11 10:56:24.229161,5471.5,189,0,0,0,0,0,0,0,0,5472.0,831,0,0,0,0,0,0,0,0,0.5,5471.75,-0.6294117647058823,WDOU25,189.0,831.0,0.051664,0.18529411764705883,0.0,1020
2025-08-11 10:56:24.282930,5471.5,329,0,0,0,0,0,0,0,0,5472.0,457,0,0,0,0,0,0,0,0,0.5,5471.75,-0.1628498727735369,WDOU25,329.0,457.0,0.053769,0.41857506361323155,0.0,786
2025-08-11 10:56:24.334644,5471.5,329,0,0,0,0,0,0,0,0,5472.0,457,0,0,0,0,0,0,0,0,0.5,5471.75,-0.1628498727735369,WDOU25,329.0,457.0,0.051714,0.41857506361323155,0.0,786
2025-08-11 10:56:24.385906,5471.5,329,0,0,0,0,0,0,0,0,5472.0,457,0,0,0,0,0,0,0,0,0.5,5471.75,-0.1628498727735369,WDOU25,329.0,457.0,0.051262,0.41857506361323155,0.0,786
2025-08-11 10:56:24.438655,5471.5,329,0,0,0,0,0,0,0,0,5472.0,457,0,0,0,0,0,0,0,0,0.5,5471.75,-0.1628498727735369,WDOU25,329.0,457.0,0.052749,0.41857506361323155,0.0,786
2025-08-11 10:56:24.491400,5471.5,329,0,0,0,0,0,0,0,0,5472.0,457,0,0,0,0,0,0,0,0,0.5,5471.75,-0.1628498727735369,WDOU25,329.0,457.0,0.052745,0.41857506361323155,0.0,786
2025-08-11 10:56:24.544812,5471.5,329,0,0,0,0,0,0,0,0,5472.0,457,0,0,0,0,0,0,0,0,0.5,5471.75,-0.1628498727735369,WDOU25,329.0,457.0,0.053412,0.41857506361323155,0.0,786
2025-08-11 10:56:24.598579,5471.5,329,0,0,0,0,0,0,0,0,5472.0,457,0,0,0,0,0,0,0,0,0.5,5471.75,-0.1628498727735369,WDOU25,329.0,457.0,0.053767,0.41857506361323155,0.0,786
2025-08-11 10:56:24.653201,5471.5,329,0,0,0,0,0,0,0,0,5472.0,457,0,0,0,0,0,0,0,0,0.5,5471.75,-0.1628498727735369,WDOU25,329.0,457.0,0.054622,0.41857506361323155,0.0,786
2025-08-11 10:56:24.704797,5471.5,329,0,0,0,0,0,0,0,0,5472.0,457,0,0,0,0,0,0,0,0,0.5,5471.75,-0.1628498727735369,WDOU25,329.0,457.0,0.051596,0.41857506361323155,0.0,786
2025-08-11 10:56:24.757085,5471.5,329,0,0,0,0,0,0,0,0,5472.0,457,0,0,0,0,0,0,0,0,0.5,5471.75,-0.1628498727735369,WDOU25,329.0,457.0,0.052288,0.41857506361323155,0.0,786
2025-08-11 10:56:24.810070,5471.5,365,0,0,0,0,0,0,0,0,5472.0,455,0,0,0,0,0,0,0,0,0.5,5471.75,-0.1097560975609756,WDOU25,365.0,455.0,0.052985,0.4451219512195122,0.0,820
2025-08-11 10:56:24.863602,5471.5,365,0,0,0,0,0,0,0,0,5472.0,455,0,0,0,0,0,0,0,0,0.5,5471.75,-0.1097560975609756,WDOU25,365.0,455.0,0.053532,0.4451219512195122,0.0,820
2025-08-11 10:56:24.914424,5471.5,365,0,0,0,0,0,0,0,0,5472.0,455,0,0,0,0,0,0,0,0,0.5,5471.75,-0.1097560975609756,WDOU25,365.0,455.0,0.050822,0.4451219512195122,0.0,820
2025-08-11 10:56:24.966739,5471.5,365,0,0,0,0,0,0,0,0,5472.0,455,0,0,0,0,0,0,0,0,0.5,5471.75,-0.1097560975609756,WDOU25,365.0,455.0,0.052315,0.4451219512195122,0.0,820
2025-08-11 10:56:25.018572,5471.5,365,0,0,0,0,0,0,0,0,5472.0,455,0,0,0,0,0,0,0,0,0.5,5471.75,-0.1097560975609756,WDOU25,365.0,455.0,0.051833,0.4451219512195122,0.0,820
2025-08-11 10:56:25.070217,5471.5,365,0,0,0,0,0,0,0,0,5472.0,455,0,0,0,0,0,0,0,0,0.5,5471.75,-0.1097560975609756,WDOU25,365.0,455.0,0.051645,0.4451219512195122,0.0,820
2025-08-11 10:56:25.121684,5471.5,365,0,0,0,0,0,0,0,0,5472.0,455,0,0,0,0,0,0,0,0,0.5,5471.75,-0.1097560975609756,WDOU25,365.0,455.0,0.051467,0.4451219512195122,0.0,820
2025-08-11 10:56:25.173136,5471.5,365,0,0,0,0,0,0,0,0,5472.0,455,0,0,0,0,0,0,0,0,0.5,5471.75,-0.1097560975609756,WDOU25,365.0,455.0,0.051452,0.4451219512195122,0.0,820
2025-08-11 10:56:25.224308,5471.5,365,0,0,0,0,0,0,0,0,5472.0,455,0,0,0,0,0,0,0,0,0.5,5471.75,-0.1097560975609756,WDOU25,365.0,455.0,0.051172,0.4451219512195122,0.0,820
2025-08-11 10:56:25.278751,5471.5,365,0,0,0,0,0,0,0,0,5472.0,455,0,0,0,0,0,0,0,0,0.5,5471.75,-0.1097560975609756,WDOU25,365.0,455.0,0.054443,0.4451219512195122,0.0,820
2025-08-11 10:56:25.330498,5471.5,365,0,0,0,0,0,0,0,0,5472.0,455,0,0,0,0,0,0,0,0,0.5,5471.75,-0.1097560975609756,WDOU25,365.0,455.0,0.051747,0.4451219512195122,0.0,820
2025-08-11 10:56:25.381776,5471.5,365,0,0,0,0,0,0,0,0,5472.0,455,0,0,0,0,0,0,0,0,0.5,5471.75,-0.1097560975609756,WDOU25,365.0,455.0,0.051278,0.4451219512195122,0.0,820
2025-08-11 10:56:25.433155,5471.5,365,0,0,0,0,0,0,0,0,5472.0,455,0,0,0,0,0,0,0,0,0.5,5471.75,-0.1097560975609756,WDOU25,365.0,455.0,0.051379,0.4451219512195122,0.0,820
2025-08-11 10:56:25.485737,5471.5,365,0,0,0,0,0,0,0,0,5472.0,455,0,0,0,0,0,0,0,0,0.5,5471.75,-0.1097560975609756,WDOU25,365.0,455.0,0.052582,0.4451219512195122,0.0,820
2025-08-11 10:56:25.537167,5471.5,365,0,0,0,0,0,0,0,0,5472.0,455,0,0,0,0,0,0,0,0,0.5,5471.75,-0.1097560975609756,WDOU25,365.0,455.0,0.05143,0.4451219512195122,0.0,820
2025-08-11 10:56:25.589032,5471.5,365,0,0,0,0,0,0,0,0,5472.0,455,0,0,0,0,0,0,0,0,0.5,5471.75,-0.1097560975609756,WDOU25,365.0,455.0,0.051865,0.4451219512195122,0.0,820
2025-08-11 10:56:25.643440,5471.5,261,0,0,0,0,0,0,0,0,5472.0,238,0,0,0,0,0,0,0,0,0.5,5471.75,0.0460921843687374,WDOU25,261.0,238.0,0.054408,0.5230460921843687,0.0,499
2025-08-11 10:56:25.695153,5471.5,261,0,0,0,0,0,0,0,0,5472.0,238,0,0,0,0,0,0,0,0,0.5,5471.75,0.0460921843687374,WDOU25,261.0,238.0,0.051713,0.5230460921843687,0.0,499
2025-08-11 10:56:25.747250,5471.5,261,0,0,0,0,0,0,0,0,5472.0,238,0,0,0,0,0,0,0,0,0.5,5471.75,0.0460921843687374,WDOU25,261.0,238.0,0.052097,0.5230460921843687,0.0,499
2025-08-11 10:56:25.799384,5471.5,261,0,0,0,0,0,0,0,0,5472.0,238,0,0,0,0,0,0,0,0,0.5,5471.75,0.0460921843687374,WDOU25,261.0,238.0,0.052134,0.5230460921843687,0.0,499
2025-08-11 10:56:25.850269,5471.5,261,0,0,0,0,0,0,0,0,5472.0,238,0,0,0,0,0,0,0,0,0.5,5471.75,0.0460921843687374,WDOU25,261.0,238.0,0.050885,0.5230460921843687,0.0,499
2025-08-11 10:56:25.904573,5471.5,261,0,0,0,0,0,0,0,0,5472.0,238,0,0,0,0,0,0,0,0,0.5,5471.75,0.0460921843687374,WDOU25,261.0,238.0,0.054304,0.5230460921843687,0.0,499
2025-08-11 10:56:25.956493,5471.5,261,0,0,0,0,0,0,0,0,5472.0,238,0,0,0,0,0,0,0,0,0.5,5471.75,0.0460921843687374,WDOU25,261.0,238.0,0.05192,0.5230460921843687,0.0,499
2025-08-11 10:56:26.009034,5471.5,261,0,0,0,0,0,0,0,0,5472.0,238,0,0,0,0,0,0,0,0,0.5,5471.75,0.0460921843687374,WDOU25,261.0,238.0,0.052541,0.5230460921843687,0.0,499
2025-08-11 10:56:26.061603,5471.5,261,0,0,0,0,0,0,0,0,5472.0,238,0,0,0,0,0,0,0,0,0.5,5471.75,0.0460921843687374,WDOU25,261.0,238.0,0.052569,0.5230460921843687,0.0,499
2025-08-11 10:56:26.112640,5471.5,261,0,0,0,0,0,0,0,0,5472.0,160,0,0,0,0,0,0,0,0,0.5,5471.75,0.2399049881235154,WDOU25,261.0,160.0,0.051037,0.6199524940617577,0.0,421
2025-08-11 10:56:26.164620,5471.5,278,0,0,0,0,0,0,0,0,5472.0,160,0,0,0,0,0,0,0,0,0.5,5471.75,0.2694063926940639,WDOU25,278.0,160.0,0.05198,0.634703196347032,0.0,438
2025-08-11 10:56:26.215676,5471.5,278,0,0,0,0,0,0,0,0,5472.0,160,0,0,0,0,0,0,0,0,0.5,5471.75,0.2694063926940639,WDOU25,278.0,160.0,0.051056,0.634703196347032,0.0,438
2025-08-11 10:56:26.268402,5471.5,278,0,0,0,0,0,0,0,0,5472.0,160,0,0,0,0,0,0,0,0,0.5,5471.75,0.2694063926940639,WDOU25,278.0,160.0,0.052726,0.634703196347032,0.0,438
2025-08-11 10:56:26.320692,5471.5,278,0,0,0,0,0,0,0,0,5472.0,160,0,0,0,0,0,0,0,0,0.5,5471.75,0.2694063926940639,WDOU25,278.0,160.0,0.05229,0.634703196347032,0.0,438
2025-08-11 10:56:26.373491,5471.5,278,0,0,0,0,0,0,0,0,5472.0,160,0,0,0,0,0,0,0,0,0.5,5471.75,0.2694063926940639,WDOU25,278.0,160.0,0.052799,0.634703196347032,0.0,438
2025-08-11 10:56:26.428572,5471.5,278,0,0,0,0,0,0,0,0,5472.0,160,0,0,0,0,0,0,0,0,0.5,5471.75,0.2694063926940639,WDOU25,278.0,160.0,0.055081,0.634703196347032,0.0,438
2025-08-11 10:56:26.479864,5471.5,278,0,0,0,0,0,0,0,0,5472.0,160,0,0,0,0,0,0,0,0,0.5,5471.75,0.2694063926940639,WDOU25,278.0,160.0,0.051292,0.634703196347032,0.0,438
2025-08-11 10:56:26.531856,5471.5,278,0,0,0,0,0,0,0,0,5472.0,160,0,0,0,0,0,0,0,0,0.5,5471.75,0.2694063926940639,WDOU25,278.0,160.0,0.051992,0.634703196347032,0.0,438
2025-08-11 10:56:26.583503,5471.5,278,0,0,0,0,0,0,0,0,5472.0,160,0,0,0,0,0,0,0,0,0.5,5471.75,0.2694063926940639,WDOU25,278.0,160.0,0.051647,0.634703196347032,0.0,438
2025-08-11 10:56:26.634938,5471.5,278,0,0,0,0,0,0,0,0,5472.0,177,0,0,0,0,0,0,0,0,0.5,5471.75,0.2219780219780219,WDOU25,278.0,177.0,0.051435,0.610989010989011,0.0,455
2025-08-11 10:56:26.690533,5471.5,287,0,0,0,0,0,0,0,0,5472.0,177,0,0,0,0,0,0,0,0,0.5,5471.75,0.2370689655172413,WDOU25,287.0,177.0,0.055595,0.6185344827586207,0.0,464
2025-08-11 10:56:26.742286,5471.5,287,0,0,0,0,0,0,0,0,5472.0,177,0,0,0,0,0,0,0,0,0.5,5471.75,0.2370689655172413,WDOU25,287.0,177.0,0.051753,0.6185344827586207,0.0,464
2025-08-11 10:56:26.796487,5471.5,287,0,0,0,0,0,0,0,0,5472.0,177,0,0,0,0,0,0,0,0,0.5,5471.75,0.2370689655172413,WDOU25,287.0,177.0,0.054201,0.6185344827586207,0.0,464
2025-08-11 10:56:26.848267,5471.5,287,0,0,0,0,0,0,0,0,5472.0,177,0,0,0,0,0,0,0,0,0.5,5471.75,0.2370689655172413,WDOU25,287.0,177.0,0.05178,0.6185344827586207,0.0,464
2025-08-11 10:56:26.900653,5471.5,287,0,0,0,0,0,0,0,0,5472.0,177,0,0,0,0,0,0,0,0,0.5,5471.75,0.2370689655172413,WDOU25,287.0,177.0,0.052386,0.6185344827586207,0.0,464
2025-08-11 10:56:26.952098,5471.5,287,0,0,0,0,0,0,0,0,5472.0,177,0,0,0,0,0,0,0,0,0.5,5471.75,0.2370689655172413,WDOU25,287.0,177.0,0.051445,0.6185344827586207,0.0,464
2025-08-11 10:56:27.003486,5471.5,287,0,0,0,0,0,0,0,0,5472.0,177,0,0,0,0,0,0,0,0,0.5,5471.75,0.2370689655172413,WDOU25,287.0,177.0,0.051388,0.6185344827586207,0.0,464
2025-08-11 10:56:27.056630,5471.5,287,0,0,0,0,0,0,0,0,5472.0,177,0,0,0,0,0,0,0,0,0.5,5471.75,0.2370689655172413,WDOU25,287.0,177.0,0.053144,0.6185344827586207,0.0,464
2025-08-11 10:56:27.107562,5471.5,287,0,0,0,0,0,0,0,0,5472.0,177,0,0,0,0,0,0,0,0,0.5,5471.75,0.2370689655172413,WDOU25,287.0,177.0,0.050932,0.6185344827586207,0.0,464
2025-08-11 10:56:27.161371,5471.5,287,0,0,0,0,0,0,0,0,5472.0,177,0,0,0,0,0,0,0,0,0.5,5471.75,0.2370689655172413,WDOU25,287.0,177.0,0.053809,0.6185344827586207,0.0,464
2025-08-11 10:56:27.212997,5471.5,287,0,0,0,0,0,0,0,0,5472.0,177,0,0,0,0,0,0,0,0,0.5,5471.75,0.2370689655172413,WDOU25,287.0,177.0,0.051626,0.6185344827586207,0.0,464
2025-08-11 10:56:27.264304,5471.5,287,0,0,0,0,0,0,0,0,5472.0,177,0,0,0,0,0,0,0,0,0.5,5471.75,0.2370689655172413,WDOU25,287.0,177.0,0.051307,0.6185344827586207,0.0,464
2025-08-11 10:56:27.316073,5471.5,287,0,0,0,0,0,0,0,0,5472.0,174,0,0,0,0,0,0,0,0,0.5,5471.75,0.2451193058568329,WDOU25,287.0,174.0,0.051769,0.6225596529284165,0.0,461
2025-08-11 10:56:27.367221,5471.5,287,0,0,0,0,0,0,0,0,5472.0,174,0,0,0,0,0,0,0,0,0.5,5471.75,0.2451193058568329,WDOU25,287.0,174.0,0.051148,0.6225596529284165,0.0,461
2025-08-11 10:56:27.419505,5471.5,287,0,0,0,0,0,0,0,0,5472.0,174,0,0,0,0,0,0,0,0,0.5,5471.75,0.2451193058568329,WDOU25,287.0,174.0,0.052284,0.6225596529284165,0.0,461
2025-08-11 10:56:27.471962,5471.5,287,0,0,0,0,0,0,0,0,5472.0,174,0,0,0,0,0,0,0,0,0.5,5471.75,0.2451193058568329,WDOU25,287.0,174.0,0.052457,0.6225596529284165,0.0,461
2025-08-11 10:56:27.525028,5471.5,287,0,0,0,0,0,0,0,0,5472.0,174,0,0,0,0,0,0,0,0,0.5,5471.75,0.2451193058568329,WDOU25,287.0,174.0,0.053066,0.6225596529284165,0.0,461
2025-08-11 10:56:27.576842,5471.5,287,0,0,0,0,0,0,0,0,5472.0,174,0,0,0,0,0,0,0,0,0.5,5471.75,0.2451193058568329,WDOU25,287.0,174.0,0.051814,0.6225596529284165,0.0,461
2025-08-11 10:56:27.628438,5471.5,287,0,0,0,0,0,0,0,0,5472.0,174,0,0,0,0,0,0,0,0,0.5,5471.75,0.2451193058568329,WDOU25,287.0,174.0,0.051596,0.6225596529284165,0.0,461
2025-08-11 10:56:27.681761,5471.5,287,0,0,0,0,0,0,0,0,5472.0,174,0,0,0,0,0,0,0,0,0.5,5471.75,0.2451193058568329,WDOU25,287.0,174.0,0.053323,0.6225596529284165,0.0,461
2025-08-11 10:56:27.734947,5471.5,287,0,0,0,0,0,0,0,0,5472.0,174,0,0,0,0,0,0,0,0,0.5,5471.75,0.2451193058568329,WDOU25,287.0,174.0,0.053186,0.6225596529284165,0.0,461
2025-08-11 10:56:27.787012,5471.5,287,0,0,0,0,0,0,0,0,5472.0,174,0,0,0,0,0,0,0,0,0.5,5471.75,0.2451193058568329,WDOU25,287.0,174.0,0.052065,0.6225596529284165,0.0,461
2025-08-11 10:56:27.838664,5471.5,287,0,0,0,0,0,0,0,0,5472.0,174,0,0,0,0,0,0,0,0,0.5,5471.75,0.2451193058568329,WDOU25,287.0,174.0,0.051652,0.6225596529284165,0.0,461
2025-08-11 10:56:27.889621,5471.5,287,0,0,0,0,0,0,0,0,5472.0,174,0,0,0,0,0,0,0,0,0.5,5471.75,0.2451193058568329,WDOU25,287.0,174.0,0.050957,0.6225596529284165,0.0,461
2025-08-11 10:56:27.940945,5471.5,287,0,0,0,0,0,0,0,0,5472.0,174,0,0,0,0,0,0,0,0,0.5,5471.75,0.2451193058568329,WDOU25,287.0,174.0,0.051324,0.6225596529284165,0.0,461
2025-08-11 10:56:27.991778,5471.5,325,0,0,0,0,0,0,0,0,5472.0,145,0,0,0,0,0,0,0,0,0.5,5471.75,0.3829787234042553,WDOU25,325.0,145.0,0.050833,0.6914893617021277,0.0,470
2025-08-11 10:56:28.043930,5471.5,325,0,0,0,0,0,0,0,0,5472.0,145,0,0,0,0,0,0,0,0,0.5,5471.75,0.3829787234042553,WDOU25,325.0,145.0,0.052152,0.6914893617021277,0.0,470
2025-08-11 10:56:28.095203,5471.5,325,0,0,0,0,0,0,0,0,5472.0,145,0,0,0,0,0,0,0,0,0.5,5471.75,0.3829787234042553,WDOU25,325.0,145.0,0.051273,0.6914893617021277,0.0,470
2025-08-11 10:56:28.146293,5471.5,325,0,0,0,0,0,0,0,0,5472.0,145,0,0,0,0,0,0,0,0,0.5,5471.75,0.3829787234042553,WDOU25,325.0,145.0,0.05109,0.6914893617021277,0.0,470
2025-08-11 10:56:28.199647,5471.5,325,0,0,0,0,0,0,0,0,5472.0,145,0,0,0,0,0,0,0,0,0.5,5471.75,0.3829787234042553,WDOU25,325.0,145.0,0.053354,0.6914893617021277,0.0,470
2025-08-11 10:56:28.252190,5471.5,325,0,0,0,0,0,0,0,0,5472.0,145,0,0,0,0,0,0,0,0,0.5,5471.75,0.3829787234042553,WDOU25,325.0,145.0,0.052543,0.6914893617021277,0.0,470
2025-08-11 10:56:28.303412,5471.5,325,0,0,0,0,0,0,0,0,5472.0,145,0,0,0,0,0,0,0,0,0.5,5471.75,0.3829787234042553,WDOU25,325.0,145.0,0.051222,0.6914893617021277,0.0,470
2025-08-11 10:56:28.358272,5471.5,325,0,0,0,0,0,0,0,0,5472.0,145,0,0,0,0,0,0,0,0,0.5,5471.75,0.3829787234042553,WDOU25,325.0,145.0,0.05486,0.6914893617021277,0.0,470
2025-08-11 10:56:28.410043,5471.5,325,0,0,0,0,0,0,0,0,5472.0,145,0,0,0,0,0,0,0,0,0.5,5471.75,0.3829787234042553,WDOU25,325.0,145.0,0.051771,0.6914893617021277,0.0,470
2025-08-11 10:56:28.461796,5471.5,325,0,0,0,0,0,0,0,0,5472.0,145,0,0,0,0,0,0,0,0,0.5,5471.75,0.3829787234042553,WDOU25,325.0,145.0,0.051753,0.6914893617021277,0.0,470
2025-08-11 10:56:28.514571,5471.5,325,0,0,0,0,0,0,0,0,5472.0,145,0,0,0,0,0,0,0,0,0.5,5471.75,0.3829787234042553,WDOU25,325.0,145.0,0.052775,0.6914893617021277,0.0,470
2025-08-11 10:56:28.566700,5471.5,325,0,0,0,0,0,0,0,0,5472.0,145,0,0,0,0,0,0,0,0,0.5,5471.75,0.3829787234042553,WDOU25,325.0,145.0,0.052129,0.6914893617021277,0.0,470
2025-08-11 10:56:28.619611,5471.5,327,0,0,0,0,0,0,0,0,5472.0,144,0,0,0,0,0,0,0,0,0.5,5471.75,0.3885350318471338,WDOU25,327.0,144.0,0.052911,0.6942675159235668,0.0,471
2025-08-11 10:56:28.670714,5471.5,327,0,0,0,0,0,0,0,0,5472.0,144,0,0,0,0,0,0,0,0,0.5,5471.75,0.3885350318471338,WDOU25,327.0,144.0,0.051103,0.6942675159235668,0.0,471
2025-08-11 10:56:28.722271,5471.5,327,0,0,0,0,0,0,0,0,5472.0,144,0,0,0,0,0,0,0,0,0.5,5471.75,0.3885350318471338,WDOU25,327.0,144.0,0.051557,0.6942675159235668,0.0,471
2025-08-11 10:56:28.778823,5471.5,327,0,0,0,0,0,0,0,0,5472.0,144,0,0,0,0,0,0,0,0,0.5,5471.75,0.3885350318471338,WDOU25,327.0,144.0,0.056552,0.6942675159235668,0.0,471
2025-08-11 10:56:28.829569,5471.5,327,0,0,0,0,0,0,0,0,5472.0,144,0,0,0,0,0,0,0,0,0.5,5471.75,0.3885350318471338,WDOU25,327.0,144.0,0.050746,0.6942675159235668,0.0,471
2025-08-11 10:56:28.882216,5471.5,327,0,0,0,0,0,0,0,0,5472.0,144,0,0,0,0,0,0,0,0,0.5,5471.75,0.3885350318471338,WDOU25,327.0,144.0,0.052647,0.6942675159235668,0.0,471
2025-08-11 10:56:28.934154,5471.5,327,0,0,0,0,0,0,0,0,5472.0,144,0,0,0,0,0,0,0,0,0.5,5471.75,0.3885350318471338,WDOU25,327.0,144.0,0.051938,0.6942675159235668,0.0,471
2025-08-11 10:56:28.985106,5471.5,327,0,0,0,0,0,0,0,0,5472.0,144,0,0,0,0,0,0,0,0,0.5,5471.75,0.3885350318471338,WDOU25,327.0,144.0,0.050952,0.6942675159235668,0.0,471
2025-08-11 10:56:29.036858,5471.5,327,0,0,0,0,0,0,0,0,5472.0,144,0,0,0,0,0,0,0,0,0.5,5471.75,0.3885350318471338,WDOU25,327.0,144.0,0.051752,0.6942675159235668,0.0,471
2025-08-11 10:56:29.089227,5471.5,327,0,0,0,0,0,0,0,0,5472.0,144,0,0,0,0,0,0,0,0,0.5,5471.75,0.3885350318471338,WDOU25,327.0,144.0,0.052369,0.6942675159235668,0.0,471
2025-08-11 10:56:29.140656,5471.5,327,0,0,0,0,0,0,0,0,5472.0,145,0,0,0,0,0,0,0,0,0.5,5471.75,0.3855932203389831,WDOU25,327.0,145.0,0.051429,0.6927966101694916,0.0,472
2025-08-11 10:56:29.192121,5471.5,334,0,0,0,0,0,0,0,0,5472.0,145,0,0,0,0,0,0,0,0,0.5,5471.75,0.3945720250521921,WDOU25,334.0,145.0,0.051465,0.697286012526096,0.0,479
2025-08-11 10:56:29.245075,5471.5,334,0,0,0,0,0,0,0,0,5472.0,145,0,0,0,0,0,0,0,0,0.5,5471.75,0.3945720250521921,WDOU25,334.0,145.0,0.052954,0.697286012526096,0.0,479
2025-08-11 10:56:29.296993,5471.5,334,0,0,0,0,0,0,0,0,5472.0,145,0,0,0,0,0,0,0,0,0.5,5471.75,0.3945720250521921,WDOU25,334.0,145.0,0.051918,0.697286012526096,0.0,479
2025-08-11 10:56:29.348414,5471.5,334,0,0,0,0,0,0,0,0,5472.0,145,0,0,0,0,0,0,0,0,0.5,5471.75,0.3945720250521921,WDOU25,334.0,145.0,0.051421,0.697286012526096,0.0,479
2025-08-11 10:56:29.400073,5471.5,334,0,0,0,0,0,0,0,0,5472.0,145,0,0,0,0,0,0,0,0,0.5,5471.75,0.3945720250521921,WDOU25,334.0,145.0,0.051659,0.697286012526096,0.0,479
2025-08-11 10:56:29.451628,5471.5,334,0,0,0,0,0,0,0,0,5472.0,145,0,0,0,0,0,0,0,0,0.5,5471.75,0.3945720250521921,WDOU25,334.0,145.0,0.051555,0.697286012526096,0.0,479
2025-08-11 10:56:29.503226,5471.5,334,0,0,0,0,0,0,0,0,5472.0,145,0,0,0,0,0,0,0,0,0.5,5471.75,0.3945720250521921,WDOU25,334.0,145.0,0.051598,0.697286012526096,0.0,479
2025-08-11 10:56:29.555841,5471.5,334,0,0,0,0,0,0,0,0,5472.0,145,0,0,0,0,0,0,0,0,0.5,5471.75,0.3945720250521921,WDOU25,334.0,145.0,0.052615,0.697286012526096,0.0,479
2025-08-11 10:56:29.607557,5471.5,334,0,0,0,0,0,0,0,0,5472.0,145,0,0,0,0,0,0,0,0,0.5,5471.75,0.3945720250521921,WDOU25,334.0,145.0,0.051716,0.697286012526096,0.0,479
2025-08-11 10:56:29.659948,5471.5,334,0,0,0,0,0,0,0,0,5472.0,130,0,0,0,0,0,0,0,0,0.5,5471.75,0.4396551724137931,WDOU25,334.0,130.0,0.052391,0.7198275862068966,0.0,464
2025-08-11 10:56:29.713299,5471.5,334,0,0,0,0,0,0,0,0,5472.0,130,0,0,0,0,0,0,0,0,0.5,5471.75,0.4396551724137931,WDOU25,334.0,130.0,0.053351,0.7198275862068966,0.0,464
2025-08-11 10:56:29.764840,5471.5,335,0,0,0,0,0,0,0,0,5472.0,130,0,0,0,0,0,0,0,0,0.5,5471.75,0.4408602150537634,WDOU25,335.0,130.0,0.051541,0.7204301075268817,0.0,465
2025-08-11 10:56:29.818321,5471.5,335,0,0,0,0,0,0,0,0,5472.0,130,0,0,0,0,0,0,0,0,0.5,5471.75,0.4408602150537634,WDOU25,335.0,130.0,0.053481,0.7204301075268817,0.0,465
2025-08-11 10:56:29.872303,5471.5,335,0,0,0,0,0,0,0,0,5472.0,130,0,0,0,0,0,0,0,0,0.5,5471.75,0.4408602150537634,WDOU25,335.0,130.0,0.053982,0.7204301075268817,0.0,465
2025-08-11 10:56:29.924353,5471.5,335,0,0,0,0,0,0,0,0,5472.0,130,0,0,0,0,0,0,0,0,0.5,5471.75,0.4408602150537634,WDOU25,335.0,130.0,0.05205,0.7204301075268817,0.0,465
2025-08-11 10:56:29.976966,5471.5,335,0,0,0,0,0,0,0,0,5472.0,130,0,0,0,0,0,0,0,0,0.5,5471.75,0.4408602150537634,WDOU25,335.0,130.0,0.052613,0.7204301075268817,0.0,465
2025-08-11 10:56:30.027740,5471.5,335,0,0,0,0,0,0,0,0,5472.0,130,0,0,0,0,0,0,0,0,0.5,5471.75,0.4408602150537634,WDOU25,335.0,130.0,0.050774,0.7204301075268817,0.0,465
2025-08-11 10:56:30.078772,5471.5,335,0,0,0,0,0,0,0,0,5472.0,130,0,0,0,0,0,0,0,0,0.5,5471.75,0.4408602150537634,WDOU25,335.0,130.0,0.051032,0.7204301075268817,0.0,465
2025-08-11 10:56:30.131642,5471.5,335,0,0,0,0,0,0,0,0,5472.0,130,0,0,0,0,0,0,0,0,0.5,5471.75,0.4408602150537634,WDOU25,335.0,130.0,0.05287,0.7204301075268817,0.0,465
2025-08-11 10:56:30.182960,5471.5,335,0,0,0,0,0,0,0,0,5472.0,130,0,0,0,0,0,0,0,0,0.5,5471.75,0.4408602150537634,WDOU25,335.0,130.0,0.051318,0.7204301075268817,0.0,465
2025-08-11 10:56:30.234319,5471.5,335,0,0,0,0,0,0,0,0,5472.0,130,0,0,0,0,0,0,0,0,0.5,5471.75,0.4408602150537634,WDOU25,335.0,130.0,0.051359,0.7204301075268817,0.0,465
2025-08-11 10:56:30.287828,5471.5,335,0,0,0,0,0,0,0,0,5472.0,130,0,0,0,0,0,0,0,0,0.5,5471.75,0.4408602150537634,WDOU25,335.0,130.0,0.053509,0.7204301075268817,0.0,465
2025-08-11 10:56:30.340055,5471.5,335,0,0,0,0,0,0,0,0,5472.0,130,0,0,0,0,0,0,0,0,0.5,5471.75,0.4408602150537634,WDOU25,335.0,130.0,0.052227,0.7204301075268817,0.0,465
2025-08-11 10:56:30.392411,5471.5,335,0,0,0,0,0,0,0,0,5472.0,130,0,0,0,0,0,0,0,0,0.5,5471.75,0.4408602150537634,WDOU25,335.0,130.0,0.052356,0.7204301075268817,0.0,465
2025-08-11 10:56:30.443296,5471.5,335,0,0,0,0,0,0,0,0,5472.0,139,0,0,0,0,0,0,0,0,0.5,5471.75,0.4135021097046413,WDOU25,335.0,139.0,0.050885,0.7067510548523207,0.0,474
2025-08-11 10:56:30.494445,5471.5,299,0,0,0,0,0,0,0,0,5472.0,139,0,0,0,0,0,0,0,0,0.5,5471.75,0.365296803652968,WDOU25,299.0,139.0,0.051149,0.682648401826484,0.0,438
2025-08-11 10:56:30.545535,5471.5,299,0,0,0,0,0,0,0,0,5472.0,139,0,0,0,0,0,0,0,0,0.5,5471.75,0.365296803652968,WDOU25,299.0,139.0,0.05109,0.682648401826484,0.0,438
2025-08-11 10:56:30.597011,5471.5,299,0,0,0,0,0,0,0,0,5472.0,139,0,0,0,0,0,0,0,0,0.5,5471.75,0.365296803652968,WDOU25,299.0,139.0,0.051476,0.682648401826484,0.0,438
2025-08-11 10:56:30.649419,5471.5,299,0,0,0,0,0,0,0,0,5472.0,139,0,0,0,0,0,0,0,0,0.5,5471.75,0.365296803652968,WDOU25,299.0,139.0,0.052408,0.682648401826484,0.0,438
2025-08-11 10:56:30.700047,5471.5,299,0,0,0,0,0,0,0,0,5472.0,139,0,0,0,0,0,0,0,0,0.5,5471.75,0.365296803652968,WDOU25,299.0,139.0,0.050628,0.682648401826484,0.0,438
2025-08-11 10:56:30.751560,5471.5,299,0,0,0,0,0,0,0,0,5472.0,139,0,0,0,0,0,0,0,0,0.5,5471.75,0.365296803652968,WDOU25,299.0,139.0,0.051513,0.682648401826484,0.0,438
2025-08-11 10:56:30.802271,5471.5,299,0,0,0,0,0,0,0,0,5472.0,139,0,0,0,0,0,0,0,0,0.5,5471.75,0.365296803652968,WDOU25,299.0,139.0,0.050711,0.682648401826484,0.0,438
2025-08-11 10:56:30.856349,5471.5,299,0,0,0,0,0,0,0,0,5472.0,139,0,0,0,0,0,0,0,0,0.5,5471.75,0.365296803652968,WDOU25,299.0,139.0,0.054078,0.682648401826484,0.0,438
2025-08-11 10:56:30.908844,5471.5,299,0,0,0,0,0,0,0,0,5472.0,139,0,0,0,0,0,0,0,0,0.5,5471.75,0.365296803652968,WDOU25,299.0,139.0,0.052495,0.682648401826484,0.0,438
2025-08-11 10:56:30.960268,5471.5,299,0,0,0,0,0,0,0,0,5472.0,204,0,0,0,0,0,0,0,0,0.5,5471.75,0.1888667992047713,WDOU25,299.0,204.0,0.051424,0.5944333996023857,0.0,503
2025-08-11 10:56:31.010923,5471.5,299,0,0,0,0,0,0,0,0,5472.0,204,0,0,0,0,0,0,0,0,0.5,5471.75,0.1888667992047713,WDOU25,299.0,204.0,0.050655,0.5944333996023857,0.0,503
2025-08-11 10:56:31.062871,5471.5,280,0,0,0,0,0,0,0,0,5472.0,204,0,0,0,0,0,0,0,0,0.5,5471.75,0.1570247933884297,WDOU25,280.0,204.0,0.051948,0.5785123966942148,0.0,484
2025-08-11 10:56:31.114004,5471.5,280,0,0,0,0,0,0,0,0,5472.0,204,0,0,0,0,0,0,0,0,0.5,5471.75,0.1570247933884297,WDOU25,280.0,204.0,0.051133,0.5785123966942148,0.0,484
2025-08-11 10:56:31.166519,5471.5,280,0,0,0,0,0,0,0,0,5472.0,204,0,0,0,0,0,0,0,0,0.5,5471.75,0.1570247933884297,WDOU25,280.0,204.0,0.052515,0.5785123966942148,0.0,484
2025-08-11 10:56:31.218800,5471.5,280,0,0,0,0,0,0,0,0,5472.0,204,0,0,0,0,0,0,0,0,0.5,5471.75,0.1570247933884297,WDOU25,280.0,204.0,0.052281,0.5785123966942148,0.0,484
2025-08-11 10:56:31.271235,5471.5,280,0,0,0,0,0,0,0,0,5472.0,204,0,0,0,0,0,0,0,0,0.5,5471.75,0.1570247933884297,WDOU25,280.0,204.0,0.052435,0.5785123966942148,0.0,484
2025-08-11 10:56:31.322991,5471.5,280,0,0,0,0,0,0,0,0,5472.0,204,0,0,0,0,0,0,0,0,0.5,5471.75,0.1570247933884297,WDOU25,280.0,204.0,0.051756,0.5785123966942148,0.0,484
2025-08-11 10:56:31.374319,5471.5,280,0,0,0,0,0,0,0,0,5472.0,204,0,0,0,0,0,0,0,0,0.5,5471.75,0.1570247933884297,WDOU25,280.0,204.0,0.051328,0.5785123966942148,0.0,484
2025-08-11 10:56:31.425732,5471.5,280,0,0,0,0,0,0,0,0,5472.0,204,0,0,0,0,0,0,0,0,0.5,5471.75,0.1570247933884297,WDOU25,280.0,204.0,0.051413,0.5785123966942148,0.0,484
2025-08-11 10:56:31.478256,5471.5,280,0,0,0,0,0,0,0,0,5472.0,204,0,0,0,0,0,0,0,0,0.5,5471.75,0.1570247933884297,WDOU25,280.0,204.0,0.052524,0.5785123966942148,0.0,484
2025-08-11 10:56:31.530507,5471.5,280,0,0,0,0,0,0,0,0,5472.0,204,0,0,0,0,0,0,0,0,0.5,5471.75,0.1570247933884297,WDOU25,280.0,204.0,0.052251,0.5785123966942148,0.0,484
2025-08-11 10:56:31.581512,5471.5,280,0,0,0,0,0,0,0,0,5472.0,204,0,0,0,0,0,0,0,0,0.5,5471.75,0.1570247933884297,WDOU25,280.0,204.0,0.051005,0.5785123966942148,0.0,484
2025-08-11 10:56:31.633558,5471.5,271,0,0,0,0,0,0,0,0,5472.0,285,0,0,0,0,0,0,0,0,0.5,5471.75,-0.0251798561151079,WDOU25,271.0,285.0,0.052046,0.48741007194244607,0.0,556
2025-08-11 10:56:31.685716,5471.5,271,0,0,0,0,0,0,0,0,5472.0,285,0,0,0,0,0,0,0,0,0.5,5471.75,-0.0251798561151079,WDOU25,271.0,285.0,0.052158,0.48741007194244607,0.0,556
2025-08-11 10:56:31.737158,5471.5,271,0,0,0,0,0,0,0,0,5472.0,285,0,0,0,0,0,0,0,0,0.5,5471.75,-0.0251798561151079,WDOU25,271.0,285.0,0.051442,0.48741007194244607,0.0,556
2025-08-11 10:56:31.789972,5471.5,271,0,0,0,0,0,0,0,0,5472.0,285,0,0,0,0,0,0,0,0,0.5,5471.75,-0.0251798561151079,WDOU25,271.0,285.0,0.052814,0.48741007194244607,0.0,556
2025-08-11 10:56:31.842274,5471.5,271,0,0,0,0,0,0,0,0,5472.0,285,0,0,0,0,0,0,0,0,0.5,5471.75,-0.0251798561151079,WDOU25,271.0,285.0,0.052302,0.48741007194244607,0.0,556
2025-08-11 10:56:31.895910,5471.5,271,0,0,0,0,0,0,0,0,5472.0,285,0,0,0,0,0,0,0,0,0.5,5471.75,-0.0251798561151079,WDOU25,271.0,285.0,0.053636,0.48741007194244607,0.0,556
2025-08-11 10:56:31.948215,5471.5,271,0,0,0,0,0,0,0,0,5472.0,285,0,0,0,0,0,0,0,0,0.5,5471.75,-0.0251798561151079,WDOU25,271.0,285.0,0.052305,0.48741007194244607,0.0,556
2025-08-11 10:56:31.999132,5471.5,271,0,0,0,0,0,0,0,0,5472.0,285,0,0,0,0,0,0,0,0,0.5,5471.75,-0.0251798561151079,WDOU25,271.0,285.0,0.050917,0.48741007194244607,0.0,556
2025-08-11 10:56:32.050912,5471.5,271,0,0,0,0,0,0,0,0,5472.0,285,0,0,0,0,0,0,0,0,0.5,5471.75,-0.0251798561151079,WDOU25,271.0,285.0,0.05178,0.48741007194244607,0.0,556
2025-08-11 10:56:32.102912,5471.5,304,0,0,0,0,0,0,0,0,5472.0,155,0,0,0,0,0,0,0,0,0.5,5471.75,0.3246187363834422,WDOU25,304.0,155.0,0.052,0.6623093681917211,0.0,459
2025-08-11 10:56:32.154938,5471.5,304,0,0,0,0,0,0,0,0,5472.0,155,0,0,0,0,0,0,0,0,0.5,5471.75,0.3246187363834422,WDOU25,304.0,155.0,0.052026,0.6623093681917211,0.0,459
2025-08-11 10:56:32.207592,5471.5,304,0,0,0,0,0,0,0,0,5472.0,155,0,0,0,0,0,0,0,0,0.5,5471.75,0.3246187363834422,WDOU25,304.0,155.0,0.052654,0.6623093681917211,0.0,459
2025-08-11 10:56:32.259263,5471.5,304,0,0,0,0,0,0,0,0,5472.0,155,0,0,0,0,0,0,0,0,0.5,5471.75,0.3246187363834422,WDOU25,304.0,155.0,0.051671,0.6623093681917211,0.0,459
2025-08-11 10:56:32.310614,5471.5,304,0,0,0,0,0,0,0,0,5472.0,155,0,0,0,0,0,0,0,0,0.5,5471.75,0.3246187363834422,WDOU25,304.0,155.0,0.051351,0.6623093681917211,0.0,459
2025-08-11 10:56:32.361892,5471.5,304,0,0,0,0,0,0,0,0,5472.0,155,0,0,0,0,0,0,0,0,0.5,5471.75,0.3246187363834422,WDOU25,304.0,155.0,0.051278,0.6623093681917211,0.0,459
2025-08-11 10:56:32.415679,5471.5,304,0,0,0,0,0,0,0,0,5472.0,155,0,0,0,0,0,0,0,0,0.5,5471.75,0.3246187363834422,WDOU25,304.0,155.0,0.053787,0.6623093681917211,0.0,459
2025-08-11 10:56:32.466815,5471.5,304,0,0,0,0,0,0,0,0,5472.0,155,0,0,0,0,0,0,0,0,0.5,5471.75,0.3246187363834422,WDOU25,304.0,155.0,0.051136,0.6623093681917211,0.0,459
2025-08-11 10:56:32.518057,5471.5,304,0,0,0,0,0,0,0,0,5472.0,155,0,0,0,0,0,0,0,0,0.5,5471.75,0.3246187363834422,WDOU25,304.0,155.0,0.051242,0.6623093681917211,0.0,459
2025-08-11 10:56:32.569442,5471.5,304,0,0,0,0,0,0,0,0,5472.0,155,0,0,0,0,0,0,0,0,0.5,5471.75,0.3246187363834422,WDOU25,304.0,155.0,0.051385,0.6623093681917211,0.0,459
2025-08-11 10:56:32.620367,5471.5,304,0,0,0,0,0,0,0,0,5472.0,155,0,0,0,0,0,0,0,0,0.5,5471.75,0.3246187363834422,WDOU25,304.0,155.0,0.050925,0.6623093681917211,0.0,459
2025-08-11 10:56:32.672963,5471.5,304,0,0,0,0,0,0,0,0,5472.0,155,0,0,0,0,0,0,0,0,0.5,5471.75,0.3246187363834422,WDOU25,304.0,155.0,0.052596,0.6623093681917211,0.0,459
2025-08-11 10:56:32.725547,5471.5,304,0,0,0,0,0,0,0,0,5472.0,63,0,0,0,0,0,0,0,0,0.5,5471.75,0.6566757493188011,WDOU25,304.0,63.0,0.052584,0.8283378746594006,0.0,367
2025-08-11 10:56:32.777456,5471.5,467,0,0,0,0,0,0,0,0,5472.0,63,0,0,0,0,0,0,0,0,0.5,5471.75,0.7622641509433963,WDOU25,467.0,63.0,0.051909,0.8811320754716981,0.0,530
2025-08-11 10:56:32.830815,5471.5,467,0,0,0,0,0,0,0,0,5472.0,63,0,0,0,0,0,0,0,0,0.5,5471.75,0.7622641509433963,WDOU25,467.0,63.0,0.053359,0.8811320754716981,0.0,530
2025-08-11 10:56:32.884517,5471.5,467,0,0,0,0,0,0,0,0,5472.0,63,0,0,0,0,0,0,0,0,0.5,5471.75,0.7622641509433963,WDOU25,467.0,63.0,0.053702,0.8811320754716981,0.0,530
2025-08-11 10:56:32.941498,5471.5,467,0,0,0,0,0,0,0,0,5472.0,63,0,0,0,0,0,0,0,0,0.5,5471.75,0.7622641509433963,WDOU25,467.0,63.0,0.056981,0.8811320754716981,0.0,530
2025-08-11 10:56:32.993167,5471.5,467,0,0,0,0,0,0,0,0,5472.0,63,0,0,0,0,0,0,0,0,0.5,5471.75,0.7622641509433963,WDOU25,467.0,63.0,0.051669,0.8811320754716981,0.0,530
2025-08-11 10:56:33.044030,5471.5,467,0,0,0,0,0,0,0,0,5472.0,63,0,0,0,0,0,0,0,0,0.5,5471.75,0.7622641509433963,WDOU25,467.0,63.0,0.050863,0.8811320754716981,0.0,530
2025-08-11 10:56:33.095195,5471.5,467,0,0,0,0,0,0,0,0,5472.0,63,0,0,0,0,0,0,0,0,0.5,5471.75,0.7622641509433963,WDOU25,467.0,63.0,0.051165,0.8811320754716981,0.0,530
2025-08-11 10:56:33.148049,5471.5,467,0,0,0,0,0,0,0,0,5472.0,63,0,0,0,0,0,0,0,0,0.5,5471.75,0.7622641509433963,WDOU25,467.0,63.0,0.052854,0.8811320754716981,0.0,530
2025-08-11 10:56:33.199779,5471.5,467,0,0,0,0,0,0,0,0,5472.0,63,0,0,0,0,0,0,0,0,0.5,5471.75,0.7622641509433963,WDOU25,467.0,63.0,0.05173,0.8811320754716981,0.0,530
2025-08-11 10:56:33.250954,5471.5,467,0,0,0,0,0,0,0,0,5472.0,63,0,0,0,0,0,0,0,0,0.5,5471.75,0.7622641509433963,WDOU25,467.0,63.0,0.051175,0.8811320754716981,0.0,530
2025-08-11 10:56:33.302576,5471.5,467,0,0,0,0,0,0,0,0,5472.0,63,0,0,0,0,0,0,0,0,0.5,5471.75,0.7622641509433963,WDOU25,467.0,63.0,0.051622,0.8811320754716981,0.0,530
2025-08-11 10:56:33.354099,5471.5,467,0,0,0,0,0,0,0,0,5472.0,62,0,0,0,0,0,0,0,0,0.5,5471.75,0.7655954631379962,WDOU25,467.0,62.0,0.051523,0.8827977315689981,0.0,529
2025-08-11 10:56:33.407750,5471.5,470,0,0,0,0,0,0,0,0,5472.0,62,0,0,0,0,0,0,0,0,0.5,5471.75,0.7669172932330827,WDOU25,470.0,62.0,0.053651,0.8834586466165414,0.0,532
2025-08-11 10:56:33.460311,5471.5,470,0,0,0,0,0,0,0,0,5472.0,62,0,0,0,0,0,0,0,0,0.5,5471.75,0.7669172932330827,WDOU25,470.0,62.0,0.052561,0.8834586466165414,0.0,532
2025-08-11 10:56:33.513499,5471.5,470,0,0,0,0,0,0,0,0,5472.0,62,0,0,0,0,0,0,0,0,0.5,5471.75,0.7669172932330827,WDOU25,470.0,62.0,0.053188,0.8834586466165414,0.0,532
2025-08-11 10:56:33.565120,5471.5,470,0,0,0,0,0,0,0,0,5472.0,62,0,0,0,0,0,0,0,0,0.5,5471.75,0.7669172932330827,WDOU25,470.0,62.0,0.051621,0.8834586466165414,0.0,532
2025-08-11 10:56:33.616216,5471.5,470,0,0,0,0,0,0,0,0,5472.0,62,0,0,0,0,0,0,0,0,0.5,5471.75,0.7669172932330827,WDOU25,470.0,62.0,0.051096,0.8834586466165414,0.0,532
2025-08-11 10:56:33.667631,5471.5,470,0,0,0,0,0,0,0,0,5472.0,62,0,0,0,0,0,0,0,0,0.5,5471.75,0.7669172932330827,WDOU25,470.0,62.0,0.051415,0.8834586466165414,0.0,532
2025-08-11 10:56:33.719627,5471.5,470,0,0,0,0,0,0,0,0,5472.0,62,0,0,0,0,0,0,0,0,0.5,5471.75,0.7669172932330827,WDOU25,470.0,62.0,0.051996,0.8834586466165414,0.0,532
2025-08-11 10:56:33.770869,5471.5,470,0,0,0,0,0,0,0,0,5472.0,62,0,0,0,0,0,0,0,0,0.5,5471.75,0.7669172932330827,WDOU25,470.0,62.0,0.051242,0.8834586466165414,0.0,532
2025-08-11 10:56:33.822925,5471.5,470,0,0,0,0,0,0,0,0,5472.0,62,0,0,0,0,0,0,0,0,0.5,5471.75,0.7669172932330827,WDOU25,470.0,62.0,0.052056,0.8834586466165414,0.0,532
2025-08-11 10:56:33.875041,5471.5,470,0,0,0,0,0,0,0,0,5472.0,62,0,0,0,0,0,0,0,0,0.5,5471.75,0.7669172932330827,WDOU25,470.0,62.0,0.052116,0.8834586466165414,0.0,532
2025-08-11 10:56:33.927654,5471.5,470,0,0,0,0,0,0,0,0,5472.0,62,0,0,0,0,0,0,0,0,0.5,5471.75,0.7669172932330827,WDOU25,470.0,62.0,0.052613,0.8834586466165414,0.0,532
2025-08-11 10:56:33.981053,5471.5,470,0,0,0,0,0,0,0,0,5472.0,62,0,0,0,0,0,0,0,0,0.5,5471.75,0.7669172932330827,WDOU25,470.0,62.0,0.053399,0.8834586466165414,0.0,532
2025-08-11 10:56:34.031995,5471.5,470,0,0,0,0,0,0,0,0,5472.0,62,0,0,0,0,0,0,0,0,0.5,5471.75,0.7669172932330827,WDOU25,470.0,62.0,0.050942,0.8834586466165414,0.0,532
2025-08-11 10:56:34.084915,5471.5,470,0,0,0,0,0,0,0,0,5472.0,62,0,0,0,0,0,0,0,0,0.5,5471.75,0.7669172932330827,WDOU25,470.0,62.0,0.05292,0.8834586466165414,0.0,532
2025-08-11 10:56:34.137227,5471.5,465,0,0,0,0,0,0,0,0,5472.0,60,0,0,0,0,0,0,0,0,0.5,5471.75,0.7714285714285715,WDOU25,465.0,60.0,0.052312,0.8857142857142857,0.0,525
2025-08-11 10:56:34.190428,5471.5,465,0,0,0,0,0,0,0,0,5472.0,60,0,0,0,0,0,0,0,0,0.5,5471.75,0.7714285714285715,WDOU25,465.0,60.0,0.053201,0.8857142857142857,0.0,525
2025-08-11 10:56:34.241351,5471.5,465,0,0,0,0,0,0,0,0,5472.0,60,0,0,0,0,0,0,0,0,0.5,5471.75,0.7714285714285715,WDOU25,465.0,60.0,0.050923,0.8857142857142857,0.0,525
2025-08-11 10:56:34.293449,5471.5,465,0,0,0,0,0,0,0,0,5472.0,60,0,0,0,0,0,0,0,0,0.5,5471.75,0.7714285714285715,WDOU25,465.0,60.0,0.052098,0.8857142857142857,0.0,525
2025-08-11 10:56:34.345670,5471.5,465,0,0,0,0,0,0,0,0,5472.0,60,0,0,0,0,0,0,0,0,0.5,5471.75,0.7714285714285715,WDOU25,465.0,60.0,0.052221,0.8857142857142857,0.0,525
2025-08-11 10:56:34.398815,5471.5,465,0,0,0,0,0,0,0,0,5472.0,60,0,0,0,0,0,0,0,0,0.5,5471.75,0.7714285714285715,WDOU25,465.0,60.0,0.053145,0.8857142857142857,0.0,525
2025-08-11 10:56:34.450780,5471.5,465,0,0,0,0,0,0,0,0,5472.0,60,0,0,0,0,0,0,0,0,0.5,5471.75,0.7714285714285715,WDOU25,465.0,60.0,0.051965,0.8857142857142857,0.0,525
2025-08-11 10:56:34.502418,5471.5,465,0,0,0,0,0,0,0,0,5472.0,60,0,0,0,0,0,0,0,0,0.5,5471.75,0.7714285714285715,WDOU25,465.0,60.0,0.051638,0.8857142857142857,0.0,525
2025-08-11 10:56:34.554433,5471.5,465,0,0,0,0,0,0,0,0,5472.0,159,0,0,0,0,0,0,0,0,0.5,5471.75,0.4903846153846153,WDOU25,465.0,159.0,0.052015,0.7451923076923077,0.0,624
2025-08-11 10:56:34.606148,5471.5,465,0,0,0,0,0,0,0,0,5472.0,159,0,0,0,0,0,0,0,0,0.5,5471.75,0.4903846153846153,WDOU25,465.0,159.0,0.051715,0.7451923076923077,0.0,624
2025-08-11 10:56:34.657590,5471.5,316,0,0,0,0,0,0,0,0,5472.0,159,0,0,0,0,0,0,0,0,0.5,5471.75,0.3305263157894736,WDOU25,316.0,159.0,0.051442,0.6652631578947369,0.0,475
2025-08-11 10:56:34.709253,5471.5,316,0,0,0,0,0,0,0,0,5472.0,159,0,0,0,0,0,0,0,0,0.5,5471.75,0.3305263157894736,WDOU25,316.0,159.0,0.051663,0.6652631578947369,0.0,475
2025-08-11 10:56:34.760747,5471.5,316,0,0,0,0,0,0,0,0,5472.0,159,0,0,0,0,0,0,0,0,0.5,5471.75,0.3305263157894736,WDOU25,316.0,159.0,0.051494,0.6652631578947369,0.0,475
2025-08-11 10:56:34.812066,5471.5,316,0,0,0,0,0,0,0,0,5472.0,159,0,0,0,0,0,0,0,0,0.5,5471.75,0.3305263157894736,WDOU25,316.0,159.0,0.051319,0.6652631578947369,0.0,475
2025-08-11 10:56:34.864219,5471.5,316,0,0,0,0,0,0,0,0,5472.0,159,0,0,0,0,0,0,0,0,0.5,5471.75,0.3305263157894736,WDOU25,316.0,159.0,0.052153,0.6652631578947369,0.0,475
2025-08-11 10:56:34.916550,5471.5,316,0,0,0,0,0,0,0,0,5472.0,159,0,0,0,0,0,0,0,0,0.5,5471.75,0.3305263157894736,WDOU25,316.0,159.0,0.052331,0.6652631578947369,0.0,475
2025-08-11 10:56:34.968901,5471.5,316,0,0,0,0,0,0,0,0,5472.0,159,0,0,0,0,0,0,0,0,0.5,5471.75,0.3305263157894736,WDOU25,316.0,159.0,0.052351,0.6652631578947369,0.0,475
2025-08-11 10:56:35.023099,5471.5,316,0,0,0,0,0,0,0,0,5472.0,159,0,0,0,0,0,0,0,0,0.5,5471.75,0.3305263157894736,WDOU25,316.0,159.0,0.054198,0.6652631578947369,0.0,475
2025-08-11 10:56:35.074340,5471.5,316,0,0,0,0,0,0,0,0,5472.0,139,0,0,0,0,0,0,0,0,0.5,5471.75,0.389010989010989,WDOU25,316.0,139.0,0.051241,0.6945054945054945,0.0,455
2025-08-11 10:56:35.125002,5471.5,349,0,0,0,0,0,0,0,0,5472.0,139,0,0,0,0,0,0,0,0,0.5,5471.75,0.430327868852459,WDOU25,349.0,139.0,0.050662,0.7151639344262295,0.0,488
2025-08-11 10:56:35.176270,5471.5,349,0,0,0,0,0,0,0,0,5472.0,139,0,0,0,0,0,0,0,0,0.5,5471.75,0.430327868852459,WDOU25,349.0,139.0,0.051268,0.7151639344262295,0.0,488
2025-08-11 10:56:35.228163,5471.5,349,0,0,0,0,0,0,0,0,5472.0,139,0,0,0,0,0,0,0,0,0.5,5471.75,0.430327868852459,WDOU25,349.0,139.0,0.051893,0.7151639344262295,0.0,488
2025-08-11 10:56:35.280438,5471.5,349,0,0,0,0,0,0,0,0,5472.0,139,0,0,0,0,0,0,0,0,0.5,5471.75,0.430327868852459,WDOU25,349.0,139.0,0.052275,0.7151639344262295,0.0,488
2025-08-11 10:56:35.332323,5471.5,349,0,0,0,0,0,0,0,0,5472.0,139,0,0,0,0,0,0,0,0,0.5,5471.75,0.430327868852459,WDOU25,349.0,139.0,0.051885,0.7151639344262295,0.0,488
2025-08-11 10:56:35.383494,5471.5,349,0,0,0,0,0,0,0,0,5472.0,139,0,0,0,0,0,0,0,0,0.5,5471.75,0.430327868852459,WDOU25,349.0,139.0,0.051171,0.7151639344262295,0.0,488
2025-08-11 10:56:35.436775,5471.5,349,0,0,0,0,0,0,0,0,5472.0,139,0,0,0,0,0,0,0,0,0.5,5471.75,0.430327868852459,WDOU25,349.0,139.0,0.053281,0.7151639344262295,0.0,488
2025-08-11 10:56:35.489403,5471.5,349,0,0,0,0,0,0,0,0,5472.0,139,0,0,0,0,0,0,0,0,0.5,5471.75,0.430327868852459,WDOU25,349.0,139.0,0.052628,0.7151639344262295,0.0,488
2025-08-11 10:56:35.541933,5471.5,349,0,0,0,0,0,0,0,0,5472.0,139,0,0,0,0,0,0,0,0,0.5,5471.75,0.430327868852459,WDOU25,349.0,139.0,0.05253,0.7151639344262295,0.0,488
2025-08-11 10:56:35.593144,5471.5,349,0,0,0,0,0,0,0,0,5472.0,139,0,0,0,0,0,0,0,0,0.5,5471.75,0.430327868852459,WDOU25,349.0,139.0,0.051211,0.7151639344262295,0.0,488
2025-08-11 10:56:35.646842,5471.5,309,0,0,0,0,0,0,0,0,5472.0,301,0,0,0,0,0,0,0,0,0.5,5471.75,0.0131147540983606,WDOU25,309.0,301.0,0.053698,0.5065573770491804,0.0,610
2025-08-11 10:56:35.697742,5471.5,309,0,0,0,0,0,0,0,0,5472.0,301,0,0,0,0,0,0,0,0,0.5,5471.75,0.0131147540983606,WDOU25,309.0,301.0,0.0509,0.5065573770491804,0.0,610
2025-08-11 10:56:35.748881,5471.5,309,0,0,0,0,0,0,0,0,5472.0,301,0,0,0,0,0,0,0,0,0.5,5471.75,0.0131147540983606,WDOU25,309.0,301.0,0.051139,0.5065573770491804,0.0,610
2025-08-11 10:56:35.799856,5471.5,309,0,0,0,0,0,0,0,0,5472.0,301,0,0,0,0,0,0,0,0,0.5,5471.75,0.0131147540983606,WDOU25,309.0,301.0,0.050975,0.5065573770491804,0.0,610
2025-08-11 10:56:35.851485,5471.5,309,0,0,0,0,0,0,0,0,5472.0,301,0,0,0,0,0,0,0,0,0.5,5471.75,0.0131147540983606,WDOU25,309.0,301.0,0.051629,0.5065573770491804,0.0,610
2025-08-11 10:56:35.902784,5471.5,309,0,0,0,0,0,0,0,0,5472.0,301,0,0,0,0,0,0,0,0,0.5,5471.75,0.0131147540983606,WDOU25,309.0,301.0,0.051299,0.5065573770491804,0.0,610
2025-08-11 10:56:35.956481,5471.5,309,0,0,0,0,0,0,0,0,5472.0,301,0,0,0,0,0,0,0,0,0.5,5471.75,0.0131147540983606,WDOU25,309.0,301.0,0.053697,0.5065573770491804,0.0,610
2025-08-11 10:56:36.007360,5471.5,309,0,0,0,0,0,0,0,0,5472.0,301,0,0,0,0,0,0,0,0,0.5,5471.75,0.0131147540983606,WDOU25,309.0,301.0,0.050879,0.5065573770491804,0.0,610
2025-08-11 10:56:36.069741,5471.5,309,0,0,0,0,0,0,0,0,5472.0,301,0,0,0,0,0,0,0,0,0.5,5471.75,0.0131147540983606,WDOU25,309.0,301.0,0.062381,0.5065573770491804,0.0,610
2025-08-11 10:56:36.120698,5471.5,309,0,0,0,0,0,0,0,0,5472.0,301,0,0,0,0,0,0,0,0,0.5,5471.75,0.0131147540983606,WDOU25,309.0,301.0,0.050957,0.5065573770491804,0.0,610
2025-08-11 10:56:36.171472,5471.5,309,0,0,0,0,0,0,0,0,5472.0,303,0,0,0,0,0,0,0,0,0.5,5471.75,0.0098039215686274,WDOU25,309.0,303.0,0.050774,0.5049019607843137,0.0,612
2025-08-11 10:56:36.222614,5471.5,309,0,0,0,0,0,0,0,0,5472.0,303,0,0,0,0,0,0,0,0,0.5,5471.75,0.0098039215686274,WDOU25,309.0,303.0,0.051142,0.5049019607843137,0.0,612
2025-08-11 10:56:36.273706,5471.5,309,0,0,0,0,0,0,0,0,5472.0,303,0,0,0,0,0,0,0,0,0.5,5471.75,0.0098039215686274,WDOU25,309.0,303.0,0.051092,0.5049019607843137,0.0,612
2025-08-11 10:56:36.324628,5471.5,309,0,0,0,0,0,0,0,0,5472.0,303,0,0,0,0,0,0,0,0,0.5,5471.75,0.0098039215686274,WDOU25,309.0,303.0,0.050922,0.5049019607843137,0.0,612
2025-08-11 10:56:36.376175,5471.5,309,0,0,0,0,0,0,0,0,5472.0,303,0,0,0,0,0,0,0,0,0.5,5471.75,0.0098039215686274,WDOU25,309.0,303.0,0.051547,0.5049019607843137,0.0,612
2025-08-11 10:56:36.428228,5471.5,309,0,0,0,0,0,0,0,0,5472.0,303,0,0,0,0,0,0,0,0,0.5,5471.75,0.0098039215686274,WDOU25,309.0,303.0,0.052053,0.5049019607843137,0.0,612
2025-08-11 10:56:36.480222,5471.5,309,0,0,0,0,0,0,0,0,5472.0,303,0,0,0,0,0,0,0,0,0.5,5471.75,0.0098039215686274,WDOU25,309.0,303.0,0.051994,0.5049019607843137,0.0,612
2025-08-11 10:56:36.531616,5471.5,309,0,0,0,0,0,0,0,0,5472.0,303,0,0,0,0,0,0,0,0,0.5,5471.75,0.0098039215686274,WDOU25,309.0,303.0,0.051394,0.5049019607843137,0.0,612
2025-08-11 10:56:36.582375,5471.5,309,0,0,0,0,0,0,0,0,5472.0,303,0,0,0,0,0,0,0,0,0.5,5471.75,0.0098039215686274,WDOU25,309.0,303.0,0.050759,0.5049019607843137,0.0,612
2025-08-11 10:56:36.634416,5471.5,309,0,0,0,0,0,0,0,0,5472.0,303,0,0,0,0,0,0,0,0,0.5,5471.75,0.0098039215686274,WDOU25,309.0,303.0,0.052041,0.5049019607843137,0.0,612
2025-08-11 10:56:36.686548,5471.5,309,0,0,0,0,0,0,0,0,5472.0,122,0,0,0,0,0,0,0,0,0.5,5471.75,0.4338747099767981,WDOU25,309.0,122.0,0.052132,0.7169373549883991,0.0,431
2025-08-11 10:56:36.738925,5471.5,360,0,0,0,0,0,0,0,0,5472.0,122,0,0,0,0,0,0,0,0,0.5,5471.75,0.4937759336099585,WDOU25,360.0,122.0,0.052377,0.7468879668049793,0.0,482
2025-08-11 10:56:36.789955,5471.5,360,0,0,0,0,0,0,0,0,5472.0,122,0,0,0,0,0,0,0,0,0.5,5471.75,0.4937759336099585,WDOU25,360.0,122.0,0.05103,0.7468879668049793,0.0,482
2025-08-11 10:56:36.841570,5471.5,360,0,0,0,0,0,0,0,0,5472.0,122,0,0,0,0,0,0,0,0,0.5,5471.75,0.4937759336099585,WDOU25,360.0,122.0,0.051615,0.7468879668049793,0.0,482
2025-08-11 10:56:36.894646,5471.5,360,0,0,0,0,0,0,0,0,5472.0,122,0,0,0,0,0,0,0,0,0.5,5471.75,0.4937759336099585,WDOU25,360.0,122.0,0.053076,0.7468879668049793,0.0,482
2025-08-11 10:56:36.946781,5471.5,360,0,0,0,0,0,0,0,0,5472.0,122,0,0,0,0,0,0,0,0,0.5,5471.75,0.4937759336099585,WDOU25,360.0,122.0,0.052135,0.7468879668049793,0.0,482
2025-08-11 10:56:36.997453,5471.5,360,0,0,0,0,0,0,0,0,5472.0,122,0,0,0,0,0,0,0,0,0.5,5471.75,0.4937759336099585,WDOU25,360.0,122.0,0.050672,0.7468879668049793,0.0,482
2025-08-11 10:56:37.048812,5471.5,360,0,0,0,0,0,0,0,0,5472.0,122,0,0,0,0,0,0,0,0,0.5,5471.75,0.4937759336099585,WDOU25,360.0,122.0,0.051359,0.7468879668049793,0.0,482
2025-08-11 10:56:37.102190,5471.5,360,0,0,0,0,0,0,0,0,5472.0,122,0,0,0,0,0,0,0,0,0.5,5471.75,0.4937759336099585,WDOU25,360.0,122.0,0.053378,0.7468879668049793,0.0,482
2025-08-11 10:56:37.155087,5471.5,360,0,0,0,0,0,0,0,0,5472.0,122,0,0,0,0,0,0,0,0,0.5,5471.75,0.4937759336099585,WDOU25,360.0,122.0,0.052897,0.7468879668049793,0.0,482
2025-08-11 10:56:37.206780,5471.5,360,0,0,0,0,0,0,0,0,5472.0,122,0,0,0,0,0,0,0,0,0.5,5471.75,0.4937759336099585,WDOU25,360.0,122.0,0.051693,0.7468879668049793,0.0,482
2025-08-11 10:56:37.258703,5471.5,360,0,0,0,0,0,0,0,0,5472.0,122,0,0,0,0,0,0,0,0,0.5,5471.75,0.4937759336099585,WDOU25,360.0,122.0,0.051923,0.7468879668049793,0.0,482
2025-08-11 10:56:37.310049,5471.5,360,0,0,0,0,0,0,0,0,5472.0,127,0,0,0,0,0,0,0,0,0.5,5471.75,0.4784394250513347,WDOU25,360.0,127.0,0.051346,0.7392197125256673,0.0,487
2025-08-11 10:56:37.361509,5471.5,360,0,0,0,0,0,0,0,0,5472.0,127,0,0,0,0,0,0,0,0,0.5,5471.75,0.4784394250513347,WDOU25,360.0,127.0,0.05146,0.7392197125256673,0.0,487
2025-08-11 10:56:37.414416,5471.5,360,0,0,0,0,0,0,0,0,5472.0,127,0,0,0,0,0,0,0,0,0.5,5471.75,0.4784394250513347,WDOU25,360.0,127.0,0.052907,0.7392197125256673,0.0,487
2025-08-11 10:56:37.466109,5471.5,360,0,0,0,0,0,0,0,0,5472.0,127,0,0,0,0,0,0,0,0,0.5,5471.75,0.4784394250513347,WDOU25,360.0,127.0,0.051693,0.7392197125256673,0.0,487
2025-08-11 10:56:37.518130,5471.5,360,0,0,0,0,0,0,0,0,5472.0,127,0,0,0,0,0,0,0,0,0.5,5471.75,0.4784394250513347,WDOU25,360.0,127.0,0.052021,0.7392197125256673,0.0,487
2025-08-11 10:56:37.569654,5471.5,360,0,0,0,0,0,0,0,0,5472.0,127,0,0,0,0,0,0,0,0,0.5,5471.75,0.4784394250513347,WDOU25,360.0,127.0,0.051524,0.7392197125256673,0.0,487
2025-08-11 10:56:37.621341,5471.5,360,0,0,0,0,0,0,0,0,5472.0,127,0,0,0,0,0,0,0,0,0.5,5471.75,0.4784394250513347,WDOU25,360.0,127.0,0.051687,0.7392197125256673,0.0,487
2025-08-11 10:56:37.672478,5471.5,360,0,0,0,0,0,0,0,0,5472.0,127,0,0,0,0,0,0,0,0,0.5,5471.75,0.4784394250513347,WDOU25,360.0,127.0,0.051137,0.7392197125256673,0.0,487
2025-08-11 10:56:37.723907,5471.5,360,0,0,0,0,0,0,0,0,5472.0,127,0,0,0,0,0,0,0,0,0.5,5471.75,0.4784394250513347,WDOU25,360.0,127.0,0.051429,0.7392197125256673,0.0,487
2025-08-11 10:56:37.777196,5471.5,360,0,0,0,0,0,0,0,0,5472.0,127,0,0,0,0,0,0,0,0,0.5,5471.75,0.4784394250513347,WDOU25,360.0,127.0,0.053289,0.7392197125256673,0.0,487
2025-08-11 10:56:37.828519,5471.5,360,0,0,0,0,0,0,0,0,5472.0,127,0,0,0,0,0,0,0,0,0.5,5471.75,0.4784394250513347,WDOU25,360.0,127.0,0.051323,0.7392197125256673,0.0,487
2025-08-11 10:56:37.881283,5471.5,360,0,0,0,0,0,0,0,0,5472.0,127,0,0,0,0,0,0,0,0,0.5,5471.75,0.4784394250513347,WDOU25,360.0,127.0,0.052764,0.7392197125256673,0.0,487
2025-08-11 10:56:37.933314,5471.5,360,0,0,0,0,0,0,0,0,5472.0,127,0,0,0,0,0,0,0,0,0.5,5471.75,0.4784394250513347,WDOU25,360.0,127.0,0.052031,0.7392197125256673,0.0,487
2025-08-11 10:56:37.984167,5471.5,360,0,0,0,0,0,0,0,0,5472.0,127,0,0,0,0,0,0,0,0,0.5,5471.75,0.4784394250513347,WDOU25,360.0,127.0,0.050853,0.7392197125256673,0.0,487
2025-08-11 10:56:38.038743,5471.5,360,0,0,0,0,0,0,0,0,5472.0,128,0,0,0,0,0,0,0,0,0.5,5471.75,0.4754098360655737,WDOU25,360.0,128.0,0.054576,0.7377049180327869,0.0,488
2025-08-11 10:56:38.092686,5471.5,362,0,0,0,0,0,0,0,0,5472.0,128,0,0,0,0,0,0,0,0,0.5,5471.75,0.4775510204081633,WDOU25,362.0,128.0,0.053943,0.7387755102040816,0.0,490
2025-08-11 10:56:38.147178,5471.5,362,0,0,0,0,0,0,0,0,5472.0,128,0,0,0,0,0,0,0,0,0.5,5471.75,0.4775510204081633,WDOU25,362.0,128.0,0.054492,0.7387755102040816,0.0,490
2025-08-11 10:56:38.199991,5471.5,362,0,0,0,0,0,0,0,0,5472.0,128,0,0,0,0,0,0,0,0,0.5,5471.75,0.4775510204081633,WDOU25,362.0,128.0,0.052813,0.7387755102040816,0.0,490
2025-08-11 10:56:38.252067,5471.5,362,0,0,0,0,0,0,0,0,5472.0,128,0,0,0,0,0,0,0,0,0.5,5471.75,0.4775510204081633,WDOU25,362.0,128.0,0.052076,0.7387755102040816,0.0,490
2025-08-11 10:56:38.303122,5471.5,362,0,0,0,0,0,0,0,0,5472.0,128,0,0,0,0,0,0,0,0,0.5,5471.75,0.4775510204081633,WDOU25,362.0,128.0,0.051055,0.7387755102040816,0.0,490
2025-08-11 10:56:38.355780,5471.5,362,0,0,0,0,0,0,0,0,5472.0,128,0,0,0,0,0,0,0,0,0.5,5471.75,0.4775510204081633,WDOU25,362.0,128.0,0.052658,0.7387755102040816,0.0,490
2025-08-11 10:56:38.407133,5471.5,362,0,0,0,0,0,0,0,0,5472.0,128,0,0,0,0,0,0,0,0,0.5,5471.75,0.4775510204081633,WDOU25,362.0,128.0,0.051353,0.7387755102040816,0.0,490
2025-08-11 10:56:38.460212,5471.5,362,0,0,0,0,0,0,0,0,5472.0,128,0,0,0,0,0,0,0,0,0.5,5471.75,0.4775510204081633,WDOU25,362.0,128.0,0.053079,0.7387755102040816,0.0,490
2025-08-11 10:56:38.513232,5471.5,362,0,0,0,0,0,0,0,0,5472.0,128,0,0,0,0,0,0,0,0,0.5,5471.75,0.4775510204081633,WDOU25,362.0,128.0,0.05302,0.7387755102040816,0.0,490
2025-08-11 10:56:38.566395,5471.5,362,0,0,0,0,0,0,0,0,5472.0,128,0,0,0,0,0,0,0,0,0.5,5471.75,0.4775510204081633,WDOU25,362.0,128.0,0.053163,0.7387755102040816,0.0,490
2025-08-11 10:56:38.618544,5471.5,362,0,0,0,0,0,0,0,0,5472.0,128,0,0,0,0,0,0,0,0,0.5,5471.75,0.4775510204081633,WDOU25,362.0,128.0,0.052149,0.7387755102040816,0.0,490
2025-08-11 10:56:38.669659,5471.5,362,0,0,0,0,0,0,0,0,5472.0,128,0,0,0,0,0,0,0,0,0.5,5471.75,0.4775510204081633,WDOU25,362.0,128.0,0.051115,0.7387755102040816,0.0,490
2025-08-11 10:56:38.721145,5471.5,362,0,0,0,0,0,0,0,0,5472.0,128,0,0,0,0,0,0,0,0,0.5,5471.75,0.4775510204081633,WDOU25,362.0,128.0,0.051486,0.7387755102040816,0.0,490
2025-08-11 10:56:38.772876,5471.5,362,0,0,0,0,0,0,0,0,5472.0,128,0,0,0,0,0,0,0,0,0.5,5471.75,0.4775510204081633,WDOU25,362.0,128.0,0.051731,0.7387755102040816,0.0,490
2025-08-11 10:56:38.824428,5471.5,362,0,0,0,0,0,0,0,0,5472.0,128,0,0,0,0,0,0,0,0,0.5,5471.75,0.4775510204081633,WDOU25,362.0,128.0,0.051552,0.7387755102040816,0.0,490
2025-08-11 10:56:38.875012,5471.5,362,0,0,0,0,0,0,0,0,5472.0,128,0,0,0,0,0,0,0,0,0.5,5471.75,0.4775510204081633,WDOU25,362.0,128.0,0.050584,0.7387755102040816,0.0,490
2025-08-11 10:56:38.926242,5471.5,362,0,0,0,0,0,0,0,0,5472.0,128,0,0,0,0,0,0,0,0,0.5,5471.75,0.4775510204081633,WDOU25,362.0,128.0,0.05123,0.7387755102040816,0.0,490
2025-08-11 10:56:38.977669,5471.5,362,0,0,0,0,0,0,0,0,5472.0,128,0,0,0,0,0,0,0,0,0.5,5471.75,0.4775510204081633,WDOU25,362.0,128.0,0.051427,0.7387755102040816,0.0,490
2025-08-11 10:56:39.031790,5471.5,362,0,0,0,0,0,0,0,0,5472.0,128,0,0,0,0,0,0,0,0,0.5,5471.75,0.4775510204081633,WDOU25,362.0,128.0,0.054121,0.7387755102040816,0.0,490
2025-08-11 10:56:39.084849,5471.5,323,0,0,0,0,0,0,0,0,5472.0,134,0,0,0,0,0,0,0,0,0.5,5471.75,0.4135667396061269,WDOU25,323.0,134.0,0.053059,0.7067833698030634,0.0,457
2025-08-11 10:56:39.136249,5471.5,323,0,0,0,0,0,0,0,0,5472.0,134,0,0,0,0,0,0,0,0,0.5,5471.75,0.4135667396061269,WDOU25,323.0,134.0,0.0514,0.7067833698030634,0.0,457
2025-08-11 10:56:39.189667,5471.5,323,0,0,0,0,0,0,0,0,5472.0,134,0,0,0,0,0,0,0,0,0.5,5471.75,0.4135667396061269,WDOU25,323.0,134.0,0.053418,0.7067833698030634,0.0,457
2025-08-11 10:56:39.241261,5471.5,323,0,0,0,0,0,0,0,0,5472.0,134,0,0,0,0,0,0,0,0,0.5,5471.75,0.4135667396061269,WDOU25,323.0,134.0,0.051594,0.7067833698030634,0.0,457
2025-08-11 10:56:39.292820,5471.5,323,0,0,0,0,0,0,0,0,5472.0,134,0,0,0,0,0,0,0,0,0.5,5471.75,0.4135667396061269,WDOU25,323.0,134.0,0.051559,0.7067833698030634,0.0,457
2025-08-11 10:56:39.344255,5471.5,323,0,0,0,0,0,0,0,0,5472.0,134,0,0,0,0,0,0,0,0,0.5,5471.75,0.4135667396061269,WDOU25,323.0,134.0,0.051435,0.7067833698030634,0.0,457
2025-08-11 10:56:39.396392,5471.5,323,0,0,0,0,0,0,0,0,5472.0,134,0,0,0,0,0,0,0,0,0.5,5471.75,0.4135667396061269,WDOU25,323.0,134.0,0.052137,0.7067833698030634,0.0,457
2025-08-11 10:56:39.447759,5471.5,323,0,0,0,0,0,0,0,0,5472.0,134,0,0,0,0,0,0,0,0,0.5,5471.75,0.4135667396061269,WDOU25,323.0,134.0,0.051367,0.7067833698030634,0.0,457
2025-08-11 10:56:39.502676,5471.5,323,0,0,0,0,0,0,0,0,5472.0,134,0,0,0,0,0,0,0,0,0.5,5471.75,0.4135667396061269,WDOU25,323.0,134.0,0.054917,0.7067833698030634,0.0,457
2025-08-11 10:56:39.553450,5471.5,323,0,0,0,0,0,0,0,0,5472.0,134,0,0,0,0,0,0,0,0,0.5,5471.75,0.4135667396061269,WDOU25,323.0,134.0,0.050774,0.7067833698030634,0.0,457
2025-08-11 10:56:39.606318,5471.5,323,0,0,0,0,0,0,0,0,5472.0,134,0,0,0,0,0,0,0,0,0.5,5471.75,0.4135667396061269,WDOU25,323.0,134.0,0.052868,0.7067833698030634,0.0,457
2025-08-11 10:56:39.658216,5471.5,323,0,0,0,0,0,0,0,0,5472.0,35,0,0,0,0,0,0,0,0,0.5,5471.75,0.8044692737430168,WDOU25,323.0,35.0,0.051898,0.9022346368715084,0.0,358
2025-08-11 10:56:39.709763,5471.5,375,0,0,0,0,0,0,0,0,5472.0,35,0,0,0,0,0,0,0,0,0.5,5471.75,0.8292682926829268,WDOU25,375.0,35.0,0.051547,0.9146341463414634,0.0,410
2025-08-11 10:56:39.761522,5471.5,375,0,0,0,0,0,0,0,0,5472.0,35,0,0,0,0,0,0,0,0,0.5,5471.75,0.8292682926829268,WDOU25,375.0,35.0,0.051759,0.9146341463414634,0.0,410
2025-08-11 10:56:39.813294,5471.5,375,0,0,0,0,0,0,0,0,5472.0,35,0,0,0,0,0,0,0,0,0.5,5471.75,0.8292682926829268,WDOU25,375.0,35.0,0.051772,0.9146341463414634,0.0,410
2025-08-11 10:56:39.864805,5471.5,375,0,0,0,0,0,0,0,0,5472.0,35,0,0,0,0,0,0,0,0,0.5,5471.75,0.8292682926829268,WDOU25,375.0,35.0,0.051511,0.9146341463414634,0.0,410
2025-08-11 10:56:39.916104,5471.5,375,0,0,0,0,0,0,0,0,5472.0,35,0,0,0,0,0,0,0,0,0.5,5471.75,0.8292682926829268,WDOU25,375.0,35.0,0.051299,0.9146341463414634,0.0,410
2025-08-11 10:56:39.968804,5471.5,375,0,0,0,0,0,0,0,0,5472.0,35,0,0,0,0,0,0,0,0,0.5,5471.75,0.8292682926829268,WDOU25,375.0,35.0,0.0527,0.9146341463414634,0.0,410
2025-08-11 10:56:40.019837,5471.5,375,0,0,0,0,0,0,0,0,5472.0,35,0,0,0,0,0,0,0,0,0.5,5471.75,0.8292682926829268,WDOU25,375.0,35.0,0.051033,0.9146341463414634,0.0,410
2025-08-11 10:56:40.070879,5471.5,375,0,0,0,0,0,0,0,0,5472.0,35,0,0,0,0,0,0,0,0,0.5,5471.75,0.8292682926829268,WDOU25,375.0,35.0,0.051042,0.9146341463414634,0.0,410
2025-08-11 10:56:40.122147,5471.5,375,0,0,0,0,0,0,0,0,5472.0,35,0,0,0,0,0,0,0,0,0.5,5471.75,0.8292682926829268,WDOU25,375.0,35.0,0.051268,0.9146341463414634,0.0,410
2025-08-11 10:56:40.173398,5471.5,375,0,0,0,0,0,0,0,0,5472.0,21,0,0,0,0,0,0,0,0,0.5,5471.75,0.8939393939393939,WDOU25,375.0,21.0,0.051251,0.946969696969697,0.0,396
2025-08-11 10:56:40.226748,5471.5,382,0,0,0,0,0,0,0,0,5472.0,21,0,0,0,0,0,0,0,0,0.5,5471.75,0.8957816377171216,WDOU25,382.0,21.0,0.05335,0.9478908188585607,0.0,403
2025-08-11 10:56:40.277647,5471.5,382,0,0,0,0,0,0,0,0,5472.0,21,0,0,0,0,0,0,0,0,0.5,5471.75,0.8957816377171216,WDOU25,382.0,21.0,0.050899,0.9478908188585607,0.0,403
2025-08-11 10:56:40.329806,5471.5,382,0,0,0,0,0,0,0,0,5472.0,21,0,0,0,0,0,0,0,0,0.5,5471.75,0.8957816377171216,WDOU25,382.0,21.0,0.052159,0.9478908188585607,0.0,403
2025-08-11 10:56:40.382199,5471.5,382,0,0,0,0,0,0,0,0,5472.0,21,0,0,0,0,0,0,0,0,0.5,5471.75,0.8957816377171216,WDOU25,382.0,21.0,0.052393,0.9478908188585607,0.0,403
2025-08-11 10:56:40.433853,5471.5,382,0,0,0,0,0,0,0,0,5472.0,21,0,0,0,0,0,0,0,0,0.5,5471.75,0.8957816377171216,WDOU25,382.0,21.0,0.051654,0.9478908188585607,0.0,403
2025-08-11 10:56:40.485083,5471.5,382,0,0,0,0,0,0,0,0,5472.0,21,0,0,0,0,0,0,0,0,0.5,5471.75,0.8957816377171216,WDOU25,382.0,21.0,0.05123,0.9478908188585607,0.0,403
2025-08-11 10:56:40.535939,5471.5,382,0,0,0,0,0,0,0,0,5472.0,21,0,0,0,0,0,0,0,0,0.5,5471.75,0.8957816377171216,WDOU25,382.0,21.0,0.050856,0.9478908188585607,0.0,403
2025-08-11 10:56:40.587734,5471.5,382,0,0,0,0,0,0,0,0,5472.0,21,0,0,0,0,0,0,0,0,0.5,5471.75,0.8957816377171216,WDOU25,382.0,21.0,0.051795,0.9478908188585607,0.0,403
2025-08-11 10:56:40.639036,5471.5,382,0,0,0,0,0,0,0,0,5472.0,25,0,0,0,0,0,0,0,0,0.5,5471.75,0.8771498771498771,WDOU25,382.0,25.0,0.051302,0.9385749385749386,0.0,407
2025-08-11 10:56:40.690434,5471.5,382,0,0,0,0,0,0,0,0,5472.0,25,0,0,0,0,0,0,0,0,0.5,5471.75,0.8771498771498771,WDOU25,382.0,25.0,0.051398,0.9385749385749386,0.0,407
2025-08-11 10:56:40.741741,5471.5,382,0,0,0,0,0,0,0,0,5472.0,25,0,0,0,0,0,0,0,0,0.5,5471.75,0.8771498771498771,WDOU25,382.0,25.0,0.051307,0.9385749385749386,0.0,407
2025-08-11 10:56:40.792803,5471.5,382,0,0,0,0,0,0,0,0,5472.0,25,0,0,0,0,0,0,0,0,0.5,5471.75,0.8771498771498771,WDOU25,382.0,25.0,0.051062,0.9385749385749386,0.0,407
2025-08-11 10:56:40.843871,5471.5,382,0,0,0,0,0,0,0,0,5472.0,25,0,0,0,0,0,0,0,0,0.5,5471.75,0.8771498771498771,WDOU25,382.0,25.0,0.051068,0.9385749385749386,0.0,407
2025-08-11 10:56:40.896323,5471.5,382,0,0,0,0,0,0,0,0,5472.0,25,0,0,0,0,0,0,0,0,0.5,5471.75,0.8771498771498771,WDOU25,382.0,25.0,0.052452,0.9385749385749386,0.0,407
2025-08-11 10:56:40.947996,5471.5,382,0,0,0,0,0,0,0,0,5472.0,25,0,0,0,0,0,0,0,0,0.5,5471.75,0.8771498771498771,WDOU25,382.0,25.0,0.051673,0.9385749385749386,0.0,407
2025-08-11 10:56:40.998927,5471.5,382,0,0,0,0,0,0,0,0,5472.0,25,0,0,0,0,0,0,0,0,0.5,5471.75,0.8771498771498771,WDOU25,382.0,25.0,0.050931,0.9385749385749386,0.0,407
2025-08-11 10:56:41.050902,5471.5,382,0,0,0,0,0,0,0,0,5472.0,25,0,0,0,0,0,0,0,0,0.5,5471.75,0.8771498771498771,WDOU25,382.0,25.0,0.051975,0.9385749385749386,0.0,407
2025-08-11 10:56:41.102262,5471.5,382,0,0,0,0,0,0,0,0,5472.0,25,0,0,0,0,0,0,0,0,0.5,5471.75,0.8771498771498771,WDOU25,382.0,25.0,0.05136,0.9385749385749386,0.0,407
2025-08-11 10:56:41.153166,5471.5,382,0,0,0,0,0,0,0,0,5472.0,68,0,0,0,0,0,0,0,0,0.5,5471.75,0.6977777777777778,WDOU25,382.0,68.0,0.050904,0.8488888888888889,0.0,450
2025-08-11 10:56:41.204446,5471.5,382,0,0,0,0,0,0,0,0,5472.0,68,0,0,0,0,0,0,0,0,0.5,5471.75,0.6977777777777778,WDOU25,382.0,68.0,0.05128,0.8488888888888889,0.0,450
2025-08-11 10:56:41.257345,5471.5,382,0,0,0,0,0,0,0,0,5472.0,68,0,0,0,0,0,0,0,0,0.5,5471.75,0.6977777777777778,WDOU25,382.0,68.0,0.052899,0.8488888888888889,0.0,450
2025-08-11 10:56:41.309105,5471.5,382,0,0,0,0,0,0,0,0,5472.0,68,0,0,0,0,0,0,0,0,0.5,5471.75,0.6977777777777778,WDOU25,382.0,68.0,0.05176,0.8488888888888889,0.0,450
2025-08-11 10:56:41.360226,5471.5,382,0,0,0,0,0,0,0,0,5472.0,68,0,0,0,0,0,0,0,0,0.5,5471.75,0.6977777777777778,WDOU25,382.0,68.0,0.051121,0.8488888888888889,0.0,450
2025-08-11 10:56:41.411712,5471.5,382,0,0,0,0,0,0,0,0,5472.0,68,0,0,0,0,0,0,0,0,0.5,5471.75,0.6977777777777778,WDOU25,382.0,68.0,0.051486,0.8488888888888889,0.0,450
2025-08-11 10:56:41.462706,5471.5,382,0,0,0,0,0,0,0,0,5472.0,68,0,0,0,0,0,0,0,0,0.5,5471.75,0.6977777777777778,WDOU25,382.0,68.0,0.050994,0.8488888888888889,0.0,450
2025-08-11 10:56:41.513744,5471.5,382,0,0,0,0,0,0,0,0,5472.0,68,0,0,0,0,0,0,0,0,0.5,5471.75,0.6977777777777778,WDOU25,382.0,68.0,0.051038,0.8488888888888889,0.0,450
2025-08-11 10:56:41.567341,5471.5,382,0,0,0,0,0,0,0,0,5472.0,68,0,0,0,0,0,0,0,0,0.5,5471.75,0.6977777777777778,WDOU25,382.0,68.0,0.053597,0.8488888888888889,0.0,450
2025-08-11 10:56:41.619633,5471.5,382,0,0,0,0,0,0,0,0,5472.0,68,0,0,0,0,0,0,0,0,0.5,5471.75,0.6977777777777778,WDOU25,382.0,68.0,0.052292,0.8488888888888889,0.0,450
2025-08-11 10:56:41.670770,5471.5,382,0,0,0,0,0,0,0,0,5472.0,72,0,0,0,0,0,0,0,0,0.5,5471.75,0.6828193832599119,WDOU25,382.0,72.0,0.051137,0.8414096916299559,0.0,454
2025-08-11 10:56:41.722048,5471.5,381,0,0,0,0,0,0,0,0,5472.0,72,0,0,0,0,0,0,0,0,0.5,5471.75,0.6821192052980133,WDOU25,381.0,72.0,0.051278,0.8410596026490066,0.0,453
2025-08-11 10:56:41.773447,5471.5,381,0,0,0,0,0,0,0,0,5472.0,72,0,0,0,0,0,0,0,0,0.5,5471.75,0.6821192052980133,WDOU25,381.0,72.0,0.051399,0.8410596026490066,0.0,453
2025-08-11 10:56:41.824486,5471.5,381,0,0,0,0,0,0,0,0,5472.0,72,0,0,0,0,0,0,0,0,0.5,5471.75,0.6821192052980133,WDOU25,381.0,72.0,0.051039,0.8410596026490066,0.0,453
2025-08-11 10:56:41.875695,5471.5,381,0,0,0,0,0,0,0,0,5472.0,72,0,0,0,0,0,0,0,0,0.5,5471.75,0.6821192052980133,WDOU25,381.0,72.0,0.051209,0.8410596026490066,0.0,453
2025-08-11 10:56:41.927242,5471.5,381,0,0,0,0,0,0,0,0,5472.0,72,0,0,0,0,0,0,0,0,0.5,5471.75,0.6821192052980133,WDOU25,381.0,72.0,0.051547,0.8410596026490066,0.0,453
2025-08-11 10:56:41.978856,5471.5,381,0,0,0,0,0,0,0,0,5472.0,72,0,0,0,0,0,0,0,0,0.5,5471.75,0.6821192052980133,WDOU25,381.0,72.0,0.051614,0.8410596026490066,0.0,453
2025-08-11 10:56:42.031142,5471.5,381,0,0,0,0,0,0,0,0,5472.0,72,0,0,0,0,0,0,0,0,0.5,5471.75,0.6821192052980133,WDOU25,381.0,72.0,0.052286,0.8410596026490066,0.0,453
2025-08-11 10:56:42.082363,5471.5,381,0,0,0,0,0,0,0,0,5472.0,72,0,0,0,0,0,0,0,0,0.5,5471.75,0.6821192052980133,WDOU25,381.0,72.0,0.051221,0.8410596026490066,0.0,453
2025-08-11 10:56:42.135945,5471.5,381,0,0,0,0,0,0,0,0,5472.0,72,0,0,0,0,0,0,0,0,0.5,5471.75,0.6821192052980133,WDOU25,381.0,72.0,0.053582,0.8410596026490066,0.0,453
2025-08-11 10:56:42.187359,5471.5,381,0,0,0,0,0,0,0,0,5472.0,72,0,0,0,0,0,0,0,0,0.5,5471.75,0.6821192052980133,WDOU25,381.0,72.0,0.051414,0.8410596026490066,0.0,453
2025-08-11 10:56:42.239262,5471.5,381,0,0,0,0,0,0,0,0,5472.0,72,0,0,0,0,0,0,0,0,0.5,5471.75,0.6821192052980133,WDOU25,381.0,72.0,0.051903,0.8410596026490066,0.0,453
2025-08-11 10:56:42.293837,5471.5,381,0,0,0,0,0,0,0,0,5472.0,79,0,0,0,0,0,0,0,0,0.5,5471.75,0.6565217391304348,WDOU25,381.0,79.0,0.054575,0.8282608695652174,0.0,460
2025-08-11 10:56:42.346473,5471.5,383,0,0,0,0,0,0,0,0,5472.0,79,0,0,0,0,0,0,0,0,0.5,5471.75,0.658008658008658,WDOU25,383.0,79.0,0.052636,0.829004329004329,0.0,462
2025-08-11 10:56:42.397622,5471.5,383,0,0,0,0,0,0,0,0,5472.0,79,0,0,0,0,0,0,0,0,0.5,5471.75,0.658008658008658,WDOU25,383.0,79.0,0.051149,0.829004329004329,0.0,462
2025-08-11 10:56:42.449345,5471.5,383,0,0,0,0,0,0,0,0,5472.0,79,0,0,0,0,0,0,0,0,0.5,5471.75,0.658008658008658,WDOU25,383.0,79.0,0.051723,0.829004329004329,0.0,462
2025-08-11 10:56:42.500491,5471.5,383,0,0,0,0,0,0,0,0,5472.0,79,0,0,0,0,0,0,0,0,0.5,5471.75,0.658008658008658,WDOU25,383.0,79.0,0.051146,0.829004329004329,0.0,462
2025-08-11 10:56:42.551617,5471.5,383,0,0,0,0,0,0,0,0,5472.0,79,0,0,0,0,0,0,0,0,0.5,5471.75,0.658008658008658,WDOU25,383.0,79.0,0.051126,0.829004329004329,0.0,462
2025-08-11 10:56:42.603483,5471.5,383,0,0,0,0,0,0,0,0,5472.0,79,0,0,0,0,0,0,0,0,0.5,5471.75,0.658008658008658,WDOU25,383.0,79.0,0.051866,0.829004329004329,0.0,462
2025-08-11 10:56:42.654343,5471.5,383,0,0,0,0,0,0,0,0,5472.0,79,0,0,0,0,0,0,0,0,0.5,5471.75,0.658008658008658,WDOU25,383.0,79.0,0.05086,0.829004329004329,0.0,462
2025-08-11 10:56:42.705650,5471.5,383,0,0,0,0,0,0,0,0,5472.0,79,0,0,0,0,0,0,0,0,0.5,5471.75,0.658008658008658,WDOU25,383.0,79.0,0.051307,0.829004329004329,0.0,462
2025-08-11 10:56:42.756733,5471.5,383,0,0,0,0,0,0,0,0,5472.0,79,0,0,0,0,0,0,0,0,0.5,5471.75,0.658008658008658,WDOU25,383.0,79.0,0.051083,0.829004329004329,0.0,462
2025-08-11 10:56:42.809382,5471.5,383,0,0,0,0,0,0,0,0,5472.0,79,0,0,0,0,0,0,0,0,0.5,5471.75,0.658008658008658,WDOU25,383.0,79.0,0.052649,0.829004329004329,0.0,462
2025-08-11 10:56:42.860880,5471.5,383,0,0,0,0,0,0,0,0,5472.0,77,0,0,0,0,0,0,0,0,0.5,5471.75,0.6652173913043479,WDOU25,383.0,77.0,0.051498,0.8326086956521739,0.0,460
2025-08-11 10:56:42.911910,5471.5,383,0,0,0,0,0,0,0,0,5472.0,77,0,0,0,0,0,0,0,0,0.5,5471.75,0.6652173913043479,WDOU25,383.0,77.0,0.05103,0.8326086956521739,0.0,460
2025-08-11 10:56:42.964109,5471.5,383,0,0,0,0,0,0,0,0,5472.0,77,0,0,0,0,0,0,0,0,0.5,5471.75,0.6652173913043479,WDOU25,383.0,77.0,0.052199,0.8326086956521739,0.0,460
2025-08-11 10:56:43.018630,5471.5,383,0,0,0,0,0,0,0,0,5472.0,77,0,0,0,0,0,0,0,0,0.5,5471.75,0.6652173913043479,WDOU25,383.0,77.0,0.054521,0.8326086956521739,0.0,460
2025-08-11 10:56:43.069610,5471.5,383,0,0,0,0,0,0,0,0,5472.0,77,0,0,0,0,0,0,0,0,0.5,5471.75,0.6652173913043479,WDOU25,383.0,77.0,0.05098,0.8326086956521739,0.0,460
2025-08-11 10:56:43.120690,5471.5,383,0,0,0,0,0,0,0,0,5472.0,77,0,0,0,0,0,0,0,0,0.5,5471.75,0.6652173913043479,WDOU25,383.0,77.0,0.05108,0.8326086956521739,0.0,460
2025-08-11 10:56:43.171650,5471.5,383,0,0,0,0,0,0,0,0,5472.0,77,0,0,0,0,0,0,0,0,0.5,5471.75,0.6652173913043479,WDOU25,383.0,77.0,0.05096,0.8326086956521739,0.0,460
2025-08-11 10:56:43.223433,5471.5,383,0,0,0,0,0,0,0,0,5472.0,77,0,0,0,0,0,0,0,0,0.5,5471.75,0.6652173913043479,WDOU25,383.0,77.0,0.051783,0.8326086956521739,0.0,460
2025-08-11 10:56:43.274622,5471.5,383,0,0,0,0,0,0,0,0,5472.0,77,0,0,0,0,0,0,0,0,0.5,5471.75,0.6652173913043479,WDOU25,383.0,77.0,0.051189,0.8326086956521739,0.0,460
2025-08-11 10:56:43.329172,5471.5,383,0,0,0,0,0,0,0,0,5472.0,77,0,0,0,0,0,0,0,0,0.5,5471.75,0.6652173913043479,WDOU25,383.0,77.0,0.05455,0.8326086956521739,0.0,460
2025-08-11 10:56:43.380021,5471.5,383,0,0,0,0,0,0,0,0,5472.0,77,0,0,0,0,0,0,0,0,0.5,5471.75,0.6652173913043479,WDOU25,383.0,77.0,0.050849,0.8326086956521739,0.0,460
2025-08-11 10:56:43.431334,5471.5,383,0,0,0,0,0,0,0,0,5472.0,77,0,0,0,0,0,0,0,0,0.5,5471.75,0.6652173913043479,WDOU25,383.0,77.0,0.051313,0.8326086956521739,0.0,460
2025-08-11 10:56:43.485554,5471.5,383,0,0,0,0,0,0,0,0,5472.0,77,0,0,0,0,0,0,0,0,0.5,5471.75,0.6652173913043479,WDOU25,383.0,77.0,0.05422,0.8326086956521739,0.0,460
2025-08-11 10:56:43.537699,5471.5,383,0,0,0,0,0,0,0,0,5472.0,77,0,0,0,0,0,0,0,0,0.5,5471.75,0.6652173913043479,WDOU25,383.0,77.0,0.052145,0.8326086956521739,0.0,460
2025-08-11 10:56:43.588987,5471.5,383,0,0,0,0,0,0,0,0,5472.0,77,0,0,0,0,0,0,0,0,0.5,5471.75,0.6652173913043479,WDOU25,383.0,77.0,0.051288,0.8326086956521739,0.0,460
2025-08-11 10:56:43.640452,5471.5,383,0,0,0,0,0,0,0,0,5472.0,77,0,0,0,0,0,0,0,0,0.5,5471.75,0.6652173913043479,WDOU25,383.0,77.0,0.051465,0.8326086956521739,0.0,460
2025-08-11 10:56:43.691422,5471.5,383,0,0,0,0,0,0,0,0,5472.0,113,0,0,0,0,0,0,0,0,0.5,5471.75,0.5443548387096774,WDOU25,383.0,113.0,0.05097,0.7721774193548387,0.0,496
2025-08-11 10:56:43.743748,5471.5,491,0,0,0,0,0,0,0,0,5472.0,113,0,0,0,0,0,0,0,0,0.5,5471.75,0.6258278145695364,WDOU25,491.0,113.0,0.052326,0.8129139072847682,0.0,604
2025-08-11 10:56:43.798580,5471.5,491,0,0,0,0,0,0,0,0,5472.0,113,0,0,0,0,0,0,0,0,0.5,5471.75,0.6258278145695364,WDOU25,491.0,113.0,0.054832,0.8129139072847682,0.0,604
2025-08-11 10:56:43.849693,5471.5,491,0,0,0,0,0,0,0,0,5472.0,113,0,0,0,0,0,0,0,0,0.5,5471.75,0.6258278145695364,WDOU25,491.0,113.0,0.051113,0.8129139072847682,0.0,604
2025-08-11 10:56:43.901115,5471.5,491,0,0,0,0,0,0,0,0,5472.0,113,0,0,0,0,0,0,0,0,0.5,5471.75,0.6258278145695364,WDOU25,491.0,113.0,0.051422,0.8129139072847682,0.0,604
2025-08-11 10:56:43.952578,5471.5,491,0,0,0,0,0,0,0,0,5472.0,113,0,0,0,0,0,0,0,0,0.5,5471.75,0.6258278145695364,WDOU25,491.0,113.0,0.051463,0.8129139072847682,0.0,604
2025-08-11 10:56:44.003429,5471.5,491,0,0,0,0,0,0,0,0,5472.0,113,0,0,0,0,0,0,0,0,0.5,5471.75,0.6258278145695364,WDOU25,491.0,113.0,0.050851,0.8129139072847682,0.0,604
2025-08-11 10:56:44.054731,5471.5,491,0,0,0,0,0,0,0,0,5472.0,113,0,0,0,0,0,0,0,0,0.5,5471.75,0.6258278145695364,WDOU25,491.0,113.0,0.051302,0.8129139072847682,0.0,604
2025-08-11 10:56:44.106352,5471.5,491,0,0,0,0,0,0,0,0,5472.0,113,0,0,0,0,0,0,0,0,0.5,5471.75,0.6258278145695364,WDOU25,491.0,113.0,0.051621,0.8129139072847682,0.0,604
2025-08-11 10:56:44.156919,5471.5,491,0,0,0,0,0,0,0,0,5472.0,113,0,0,0,0,0,0,0,0,0.5,5471.75,0.6258278145695364,WDOU25,491.0,113.0,0.050567,0.8129139072847682,0.0,604
2025-08-11 10:56:44.211049,5471.5,491,0,0,0,0,0,0,0,0,5472.0,115,0,0,0,0,0,0,0,0,0.5,5471.75,0.6204620462046204,WDOU25,491.0,115.0,0.05413,0.8102310231023102,0.0,606
2025-08-11 10:56:44.264835,5471.5,498,0,0,0,0,0,0,0,0,5472.0,115,0,0,0,0,0,0,0,0,0.5,5471.75,0.6247960848287113,WDOU25,498.0,115.0,0.053786,0.8123980424143556,0.0,613
2025-08-11 10:56:44.317394,5471.5,498,0,0,0,0,0,0,0,0,5472.0,115,0,0,0,0,0,0,0,0,0.5,5471.75,0.6247960848287113,WDOU25,498.0,115.0,0.052559,0.8123980424143556,0.0,613
2025-08-11 10:56:44.371105,5471.5,498,0,0,0,0,0,0,0,0,5472.0,115,0,0,0,0,0,0,0,0,0.5,5471.75,0.6247960848287113,WDOU25,498.0,115.0,0.053711,0.8123980424143556,0.0,613
2025-08-11 10:56:44.421747,5471.5,498,0,0,0,0,0,0,0,0,5472.0,115,0,0,0,0,0,0,0,0,0.5,5471.75,0.6247960848287113,WDOU25,498.0,115.0,0.050642,0.8123980424143556,0.0,613
2025-08-11 10:56:44.473320,5471.5,498,0,0,0,0,0,0,0,0,5472.0,115,0,0,0,0,0,0,0,0,0.5,5471.75,0.6247960848287113,WDOU25,498.0,115.0,0.051573,0.8123980424143556,0.0,613
2025-08-11 10:56:44.525397,5471.5,498,0,0,0,0,0,0,0,0,5472.0,115,0,0,0,0,0,0,0,0,0.5,5471.75,0.6247960848287113,WDOU25,498.0,115.0,0.052077,0.8123980424143556,0.0,613
2025-08-11 10:56:44.576569,5471.5,498,0,0,0,0,0,0,0,0,5472.0,115,0,0,0,0,0,0,0,0,0.5,5471.75,0.6247960848287113,WDOU25,498.0,115.0,0.051172,0.8123980424143556,0.0,613
2025-08-11 10:56:44.628947,5471.5,498,0,0,0,0,0,0,0,0,5472.0,115,0,0,0,0,0,0,0,0,0.5,5471.75,0.6247960848287113,WDOU25,498.0,115.0,0.052378,0.8123980424143556,0.0,613
2025-08-11 10:56:44.679802,5471.5,498,0,0,0,0,0,0,0,0,5472.0,115,0,0,0,0,0,0,0,0,0.5,5471.75,0.6247960848287113,WDOU25,498.0,115.0,0.050855,0.8123980424143556,0.0,613
2025-08-11 10:56:44.730863,5471.5,498,0,0,0,0,0,0,0,0,5472.0,115,0,0,0,0,0,0,0,0,0.5,5471.75,0.6247960848287113,WDOU25,498.0,115.0,0.051061,0.8123980424143556,0.0,613
2025-08-11 10:56:44.782310,5471.5,498,0,0,0,0,0,0,0,0,5472.0,115,0,0,0,0,0,0,0,0,0.5,5471.75,0.6247960848287113,WDOU25,498.0,115.0,0.051447,0.8123980424143556,0.0,613
2025-08-11 10:56:44.833621,5471.5,498,0,0,0,0,0,0,0,0,5472.0,115,0,0,0,0,0,0,0,0,0.5,5471.75,0.6247960848287113,WDOU25,498.0,115.0,0.051311,0.8123980424143556,0.0,613
2025-08-11 10:56:44.884683,5471.5,498,0,0,0,0,0,0,0,0,5472.0,115,0,0,0,0,0,0,0,0,0.5,5471.75,0.6247960848287113,WDOU25,498.0,115.0,0.051062,0.8123980424143556,0.0,613
2025-08-11 10:56:44.936676,5471.5,498,0,0,0,0,0,0,0,0,5472.0,211,0,0,0,0,0,0,0,0,0.5,5471.75,0.4047954866008462,WDOU25,498.0,211.0,0.051993,0.7023977433004231,0.0,709
2025-08-11 10:56:44.988668,5471.5,334,0,0,0,0,0,0,0,0,5472.0,211,0,0,0,0,0,0,0,0,0.5,5471.75,0.2256880733944954,WDOU25,334.0,211.0,0.051992,0.6128440366972477,0.0,545
2025-08-11 10:56:45.039772,5471.5,334,0,0,0,0,0,0,0,0,5472.0,211,0,0,0,0,0,0,0,0,0.5,5471.75,0.2256880733944954,WDOU25,334.0,211.0,0.051104,0.6128440366972477,0.0,545
2025-08-11 10:56:45.091086,5471.5,334,0,0,0,0,0,0,0,0,5472.0,211,0,0,0,0,0,0,0,0,0.5,5471.75,0.2256880733944954,WDOU25,334.0,211.0,0.051314,0.6128440366972477,0.0,545
2025-08-11 10:56:45.142271,5471.5,334,0,0,0,0,0,0,0,0,5472.0,211,0,0,0,0,0,0,0,0,0.5,5471.75,0.2256880733944954,WDOU25,334.0,211.0,0.051185,0.6128440366972477,0.0,545
2025-08-11 10:56:45.194249,5471.5,334,0,0,0,0,0,0,0,0,5472.0,211,0,0,0,0,0,0,0,0,0.5,5471.75,0.2256880733944954,WDOU25,334.0,211.0,0.051978,0.6128440366972477,0.0,545
2025-08-11 10:56:45.245745,5471.5,334,0,0,0,0,0,0,0,0,5472.0,211,0,0,0,0,0,0,0,0,0.5,5471.75,0.2256880733944954,WDOU25,334.0,211.0,0.051496,0.6128440366972477,0.0,545
2025-08-11 10:56:45.298634,5471.5,334,0,0,0,0,0,0,0,0,5472.0,211,0,0,0,0,0,0,0,0,0.5,5471.75,0.2256880733944954,WDOU25,334.0,211.0,0.052889,0.6128440366972477,0.0,545
2025-08-11 10:56:45.350368,5471.5,334,0,0,0,0,0,0,0,0,5472.0,211,0,0,0,0,0,0,0,0,0.5,5471.75,0.2256880733944954,WDOU25,334.0,211.0,0.051734,0.6128440366972477,0.0,545
2025-08-11 10:56:45.404898,5471.5,334,0,0,0,0,0,0,0,0,5472.0,211,0,0,0,0,0,0,0,0,0.5,5471.75,0.2256880733944954,WDOU25,334.0,211.0,0.05453,0.6128440366972477,0.0,545
2025-08-11 10:56:45.456448,5471.5,334,0,0,0,0,0,0,0,0,5472.0,286,0,0,0,0,0,0,0,0,0.5,5471.75,0.0774193548387096,WDOU25,334.0,286.0,0.05155,0.5387096774193548,0.0,620
2025-08-11 10:56:45.507563,5471.5,315,0,0,0,0,0,0,0,0,5472.0,286,0,0,0,0,0,0,0,0,0.5,5471.75,0.0482529118136439,WDOU25,315.0,286.0,0.051115,0.5241264559068219,0.0,601
2025-08-11 10:56:45.558613,5471.5,315,0,0,0,0,0,0,0,0,5472.0,286,0,0,0,0,0,0,0,0,0.5,5471.75,0.0482529118136439,WDOU25,315.0,286.0,0.05105,0.5241264559068219,0.0,601
2025-08-11 10:56:45.609696,5471.5,315,0,0,0,0,0,0,0,0,5472.0,286,0,0,0,0,0,0,0,0,0.5,5471.75,0.0482529118136439,WDOU25,315.0,286.0,0.051083,0.5241264559068219,0.0,601
2025-08-11 10:56:45.660505,5471.5,315,0,0,0,0,0,0,0,0,5472.0,286,0,0,0,0,0,0,0,0,0.5,5471.75,0.0482529118136439,WDOU25,315.0,286.0,0.050809,0.5241264559068219,0.0,601
2025-08-11 10:56:45.712700,5471.5,315,0,0,0,0,0,0,0,0,5472.0,286,0,0,0,0,0,0,0,0,0.5,5471.75,0.0482529118136439,WDOU25,315.0,286.0,0.052195,0.5241264559068219,0.0,601
2025-08-11 10:56:45.763640,5471.5,315,0,0,0,0,0,0,0,0,5472.0,286,0,0,0,0,0,0,0,0,0.5,5471.75,0.0482529118136439,WDOU25,315.0,286.0,0.05094,0.5241264559068219,0.0,601
2025-08-11 10:56:45.815184,5471.5,315,0,0,0,0,0,0,0,0,5472.0,286,0,0,0,0,0,0,0,0,0.5,5471.75,0.0482529118136439,WDOU25,315.0,286.0,0.051544,0.5241264559068219,0.0,601
2025-08-11 10:56:45.866338,5471.5,315,0,0,0,0,0,0,0,0,5472.0,286,0,0,0,0,0,0,0,0,0.5,5471.75,0.0482529118136439,WDOU25,315.0,286.0,0.051154,0.5241264559068219,0.0,601
2025-08-11 10:56:45.917468,5471.5,315,0,0,0,0,0,0,0,0,5472.0,286,0,0,0,0,0,0,0,0,0.5,5471.75,0.0482529118136439,WDOU25,315.0,286.0,0.05113,0.5241264559068219,0.0,601
2025-08-11 10:56:45.968405,5471.5,315,0,0,0,0,0,0,0,0,5472.0,286,0,0,0,0,0,0,0,0,0.5,5471.75,0.0482529118136439,WDOU25,315.0,286.0,0.050937,0.5241264559068219,0.0,601
2025-08-11 10:56:46.019334,5471.5,315,0,0,0,0,0,0,0,0,5472.0,266,0,0,0,0,0,0,0,0,0.5,5471.75,0.0843373493975903,WDOU25,315.0,266.0,0.050929,0.5421686746987951,0.0,581
2025-08-11 10:56:46.070606,5471.5,315,0,0,0,0,0,0,0,0,5472.0,266,0,0,0,0,0,0,0,0,0.5,5471.75,0.0843373493975903,WDOU25,315.0,266.0,0.051272,0.5421686746987951,0.0,581
2025-08-11 10:56:46.124743,5471.5,315,0,0,0,0,0,0,0,0,5472.0,266,0,0,0,0,0,0,0,0,0.5,5471.75,0.0843373493975903,WDOU25,315.0,266.0,0.054137,0.5421686746987951,0.0,581
2025-08-11 10:56:46.175505,5471.5,315,0,0,0,0,0,0,0,0,5472.0,266,0,0,0,0,0,0,0,0,0.5,5471.75,0.0843373493975903,WDOU25,315.0,266.0,0.050762,0.5421686746987951,0.0,581
2025-08-11 10:56:46.228311,5471.5,315,0,0,0,0,0,0,0,0,5472.0,266,0,0,0,0,0,0,0,0,0.5,5471.75,0.0843373493975903,WDOU25,315.0,266.0,0.052806,0.5421686746987951,0.0,581
2025-08-11 10:56:46.279963,5471.5,315,0,0,0,0,0,0,0,0,5472.0,266,0,0,0,0,0,0,0,0,0.5,5471.75,0.0843373493975903,WDOU25,315.0,266.0,0.051652,0.5421686746987951,0.0,581
2025-08-11 10:56:46.331676,5471.5,315,0,0,0,0,0,0,0,0,5472.0,266,0,0,0,0,0,0,0,0,0.5,5471.75,0.0843373493975903,WDOU25,315.0,266.0,0.051713,0.5421686746987951,0.0,581
2025-08-11 10:56:46.382480,5471.5,315,0,0,0,0,0,0,0,0,5472.0,266,0,0,0,0,0,0,0,0,0.5,5471.75,0.0843373493975903,WDOU25,315.0,266.0,0.050804,0.5421686746987951,0.0,581
2025-08-11 10:56:46.436179,5471.5,315,0,0,0,0,0,0,0,0,5472.0,266,0,0,0,0,0,0,0,0,0.5,5471.75,0.0843373493975903,WDOU25,315.0,266.0,0.053699,0.5421686746987951,0.0,581
2025-08-11 10:56:46.487947,5471.5,315,0,0,0,0,0,0,0,0,5472.0,274,0,0,0,0,0,0,0,0,0.5,5471.75,0.0696095076400679,WDOU25,315.0,274.0,0.051768,0.534804753820034,0.0,589
2025-08-11 10:56:46.539568,5471.5,309,0,0,0,0,0,0,0,0,5472.0,274,0,0,0,0,0,0,0,0,0.5,5471.75,0.0600343053173241,WDOU25,309.0,274.0,0.051621,0.5300171526586621,0.0,583
2025-08-11 10:56:46.590962,5471.5,309,0,0,0,0,0,0,0,0,5472.0,274,0,0,0,0,0,0,0,0,0.5,5471.75,0.0600343053173241,WDOU25,309.0,274.0,0.051394,0.5300171526586621,0.0,583
2025-08-11 10:56:46.641876,5471.5,309,0,0,0,0,0,0,0,0,5472.0,274,0,0,0,0,0,0,0,0,0.5,5471.75,0.0600343053173241,WDOU25,309.0,274.0,0.050914,0.5300171526586621,0.0,583
2025-08-11 10:56:46.694352,5471.5,309,0,0,0,0,0,0,0,0,5472.0,274,0,0,0,0,0,0,0,0,0.5,5471.75,0.0600343053173241,WDOU25,309.0,274.0,0.052476,0.5300171526586621,0.0,583
2025-08-11 10:56:46.746877,5471.5,309,0,0,0,0,0,0,0,0,5472.0,274,0,0,0,0,0,0,0,0,0.5,5471.75,0.0600343053173241,WDOU25,309.0,274.0,0.052525,0.5300171526586621,0.0,583
2025-08-11 10:56:46.797934,5471.5,309,0,0,0,0,0,0,0,0,5472.0,274,0,0,0,0,0,0,0,0,0.5,5471.75,0.0600343053173241,WDOU25,309.0,274.0,0.051057,0.5300171526586621,0.0,583
2025-08-11 10:56:46.849426,5471.5,309,0,0,0,0,0,0,0,0,5472.0,274,0,0,0,0,0,0,0,0,0.5,5471.75,0.0600343053173241,WDOU25,309.0,274.0,0.051492,0.5300171526586621,0.0,583
2025-08-11 10:56:46.900975,5471.5,309,0,0,0,0,0,0,0,0,5472.0,274,0,0,0,0,0,0,0,0,0.5,5471.75,0.0600343053173241,WDOU25,309.0,274.0,0.051549,0.5300171526586621,0.0,583
2025-08-11 10:56:46.952980,5471.5,309,0,0,0,0,0,0,0,0,5472.0,274,0,0,0,0,0,0,0,0,0.5,5471.75,0.0600343053173241,WDOU25,309.0,274.0,0.052005,0.5300171526586621,0.0,583
2025-08-11 10:56:47.005781,5471.5,309,0,0,0,0,0,0,0,0,5472.0,274,0,0,0,0,0,0,0,0,0.5,5471.75,0.0600343053173241,WDOU25,309.0,274.0,0.052801,0.5300171526586621,0.0,583
2025-08-11 10:56:47.058030,5471.5,309,0,0,0,0,0,0,0,0,5472.0,274,0,0,0,0,0,0,0,0,0.5,5471.75,0.0600343053173241,WDOU25,309.0,274.0,0.052249,0.5300171526586621,0.0,583
2025-08-11 10:56:47.108992,5471.5,309,0,0,0,0,0,0,0,0,5472.0,274,0,0,0,0,0,0,0,0,0.5,5471.75,0.0600343053173241,WDOU25,309.0,274.0,0.050962,0.5300171526586621,0.0,583
2025-08-11 10:56:47.160460,5471.5,309,0,0,0,0,0,0,0,0,5472.0,274,0,0,0,0,0,0,0,0,0.5,5471.75,0.0600343053173241,WDOU25,309.0,274.0,0.051468,0.5300171526586621,0.0,583
2025-08-11 10:56:47.214663,5471.5,309,0,0,0,0,0,0,0,0,5472.0,274,0,0,0,0,0,0,0,0,0.5,5471.75,0.0600343053173241,WDOU25,309.0,274.0,0.054203,0.5300171526586621,0.0,583
2025-08-11 10:56:47.266783,5471.5,309,0,0,0,0,0,0,0,0,5472.0,274,0,0,0,0,0,0,0,0,0.5,5471.75,0.0600343053173241,WDOU25,309.0,274.0,0.05212,0.5300171526586621,0.0,583
2025-08-11 10:56:47.320846,5471.5,309,0,0,0,0,0,0,0,0,5472.0,274,0,0,0,0,0,0,0,0,0.5,5471.75,0.0600343053173241,WDOU25,309.0,274.0,0.054063,0.5300171526586621,0.0,583
2025-08-11 10:56:47.372053,5471.5,309,0,0,0,0,0,0,0,0,5472.0,274,0,0,0,0,0,0,0,0,0.5,5471.75,0.0600343053173241,WDOU25,309.0,274.0,0.051207,0.5300171526586621,0.0,583
2025-08-11 10:56:47.423439,5471.5,309,0,0,0,0,0,0,0,0,5472.0,274,0,0,0,0,0,0,0,0,0.5,5471.75,0.0600343053173241,WDOU25,309.0,274.0,0.051386,0.5300171526586621,0.0,583
2025-08-11 10:56:47.480429,5471.5,309,0,0,0,0,0,0,0,0,5472.0,274,0,0,0,0,0,0,0,0,0.5,5471.75,0.0600343053173241,WDOU25,309.0,274.0,0.05699,0.5300171526586621,0.0,583
2025-08-11 10:56:47.531873,5471.5,309,0,0,0,0,0,0,0,0,5472.0,274,0,0,0,0,0,0,0,0,0.5,5471.75,0.0600343053173241,WDOU25,309.0,274.0,0.051444,0.5300171526586621,0.0,583
2025-08-11 10:56:47.584359,5471.5,309,0,0,0,0,0,0,0,0,5472.0,274,0,0,0,0,0,0,0,0,0.5,5471.75,0.0600343053173241,WDOU25,309.0,274.0,0.052486,0.5300171526586621,0.0,583
2025-08-11 10:56:47.635169,5471.5,294,0,0,0,0,0,0,0,0,5472.0,275,0,0,0,0,0,0,0,0,0.5,5471.75,0.0333919156414762,WDOU25,294.0,275.0,0.05081,0.5166959578207382,0.0,569
2025-08-11 10:56:47.689375,5471.5,294,0,0,0,0,0,0,0,0,5472.0,275,0,0,0,0,0,0,0,0,0.5,5471.75,0.0333919156414762,WDOU25,294.0,275.0,0.054206,0.5166959578207382,0.0,569
2025-08-11 10:56:47.740759,5471.5,294,0,0,0,0,0,0,0,0,5472.0,275,0,0,0,0,0,0,0,0,0.5,5471.75,0.0333919156414762,WDOU25,294.0,275.0,0.051384,0.5166959578207382,0.0,569
2025-08-11 10:56:47.794362,5471.5,294,0,0,0,0,0,0,0,0,5472.0,275,0,0,0,0,0,0,0,0,0.5,5471.75,0.0333919156414762,WDOU25,294.0,275.0,0.053603,0.5166959578207382,0.0,569
2025-08-11 10:56:47.845493,5471.5,294,0,0,0,0,0,0,0,0,5472.0,275,0,0,0,0,0,0,0,0,0.5,5471.75,0.0333919156414762,WDOU25,294.0,275.0,0.051131,0.5166959578207382,0.0,569
2025-08-11 10:56:47.896678,5471.5,294,0,0,0,0,0,0,0,0,5472.0,275,0,0,0,0,0,0,0,0,0.5,5471.75,0.0333919156414762,WDOU25,294.0,275.0,0.051185,0.5166959578207382,0.0,569
2025-08-11 10:56:47.947616,5471.5,294,0,0,0,0,0,0,0,0,5472.0,275,0,0,0,0,0,0,0,0,0.5,5471.75,0.0333919156414762,WDOU25,294.0,275.0,0.050938,0.5166959578207382,0.0,569
2025-08-11 10:56:47.999719,5471.5,294,0,0,0,0,0,0,0,0,5472.0,275,0,0,0,0,0,0,0,0,0.5,5471.75,0.0333919156414762,WDOU25,294.0,275.0,0.052103,0.5166959578207382,0.0,569
2025-08-11 10:56:48.051491,5471.5,294,0,0,0,0,0,0,0,0,5472.0,275,0,0,0,0,0,0,0,0,0.5,5471.75,0.0333919156414762,WDOU25,294.0,275.0,0.051772,0.5166959578207382,0.0,569
2025-08-11 10:56:48.102807,5471.5,294,0,0,0,0,0,0,0,0,5472.0,275,0,0,0,0,0,0,0,0,0.5,5471.75,0.0333919156414762,WDOU25,294.0,275.0,0.051316,0.5166959578207382,0.0,569
2025-08-11 10:56:48.154537,5471.5,294,0,0,0,0,0,0,0,0,5472.0,275,0,0,0,0,0,0,0,0,0.5,5471.75,0.0333919156414762,WDOU25,294.0,275.0,0.05173,0.5166959578207382,0.0,569
2025-08-11 10:56:48.206217,5471.5,294,0,0,0,0,0,0,0,0,5472.0,275,0,0,0,0,0,0,0,0,0.5,5471.75,0.0333919156414762,WDOU25,294.0,275.0,0.05168,0.5166959578207382,0.0,569
2025-08-11 10:56:48.258091,5471.5,294,0,0,0,0,0,0,0,0,5472.0,289,0,0,0,0,0,0,0,0,0.5,5471.75,0.0085763293310463,WDOU25,294.0,289.0,0.051874,0.5042881646655232,0.0,583
2025-08-11 10:56:48.309559,5471.5,294,0,0,0,0,0,0,0,0,5472.0,289,0,0,0,0,0,0,0,0,0.5,5471.75,0.0085763293310463,WDOU25,294.0,289.0,0.051468,0.5042881646655232,0.0,583
2025-08-11 10:56:48.361426,5471.5,294,0,0,0,0,0,0,0,0,5472.0,289,0,0,0,0,0,0,0,0,0.5,5471.75,0.0085763293310463,WDOU25,294.0,289.0,0.051867,0.5042881646655232,0.0,583
2025-08-11 10:56:48.412775,5471.5,294,0,0,0,0,0,0,0,0,5472.0,289,0,0,0,0,0,0,0,0,0.5,5471.75,0.0085763293310463,WDOU25,294.0,289.0,0.051349,0.5042881646655232,0.0,583
2025-08-11 10:56:48.464087,5471.5,294,0,0,0,0,0,0,0,0,5472.0,289,0,0,0,0,0,0,0,0,0.5,5471.75,0.0085763293310463,WDOU25,294.0,289.0,0.051312,0.5042881646655232,0.0,583
2025-08-11 10:56:48.517124,5471.5,294,0,0,0,0,0,0,0,0,5472.0,289,0,0,0,0,0,0,0,0,0.5,5471.75,0.0085763293310463,WDOU25,294.0,289.0,0.053037,0.5042881646655232,0.0,583
2025-08-11 10:56:48.571805,5471.5,294,0,0,0,0,0,0,0,0,5472.0,289,0,0,0,0,0,0,0,0,0.5,5471.75,0.0085763293310463,WDOU25,294.0,289.0,0.054681,0.5042881646655232,0.0,583
2025-08-11 10:56:48.623346,5471.5,294,0,0,0,0,0,0,0,0,5472.0,289,0,0,0,0,0,0,0,0,0.5,5471.75,0.0085763293310463,WDOU25,294.0,289.0,0.051541,0.5042881646655232,0.0,583
2025-08-11 10:56:48.677145,5471.5,294,0,0,0,0,0,0,0,0,5472.0,289,0,0,0,0,0,0,0,0,0.5,5471.75,0.0085763293310463,WDOU25,294.0,289.0,0.053799,0.5042881646655232,0.0,583
2025-08-11 10:56:48.727981,5471.5,294,0,0,0,0,0,0,0,0,5472.0,289,0,0,0,0,0,0,0,0,0.5,5471.75,0.0085763293310463,WDOU25,294.0,289.0,0.050836,0.5042881646655232,0.0,583
2025-08-11 10:56:48.779847,5471.5,294,0,0,0,0,0,0,0,0,5472.0,289,0,0,0,0,0,0,0,0,0.5,5471.75,0.0085763293310463,WDOU25,294.0,289.0,0.051866,0.5042881646655232,0.0,583
2025-08-11 10:56:48.830704,5471.5,294,0,0,0,0,0,0,0,0,5472.0,289,0,0,0,0,0,0,0,0,0.5,5471.75,0.0085763293310463,WDOU25,294.0,289.0,0.050857,0.5042881646655232,0.0,583
2025-08-11 10:56:48.881945,5471.5,294,0,0,0,0,0,0,0,0,5472.0,289,0,0,0,0,0,0,0,0,0.5,5471.75,0.0085763293310463,WDOU25,294.0,289.0,0.051241,0.5042881646655232,0.0,583
2025-08-11 10:56:48.933035,5471.5,294,0,0,0,0,0,0,0,0,5472.0,289,0,0,0,0,0,0,0,0,0.5,5471.75,0.0085763293310463,WDOU25,294.0,289.0,0.05109,0.5042881646655232,0.0,583
2025-08-11 10:56:48.986404,5471.5,294,0,0,0,0,0,0,0,0,5472.0,289,0,0,0,0,0,0,0,0,0.5,5471.75,0.0085763293310463,WDOU25,294.0,289.0,0.053369,0.5042881646655232,0.0,583
2025-08-11 10:56:49.037731,5471.5,294,0,0,0,0,0,0,0,0,5472.0,289,0,0,0,0,0,0,0,0,0.5,5471.75,0.0085763293310463,WDOU25,294.0,289.0,0.051327,0.5042881646655232,0.0,583
2025-08-11 10:56:49.090069,5471.5,294,0,0,0,0,0,0,0,0,5472.0,289,0,0,0,0,0,0,0,0,0.5,5471.75,0.0085763293310463,WDOU25,294.0,289.0,0.052338,0.5042881646655232,0.0,583
2025-08-11 10:56:49.142424,5471.5,294,0,0,0,0,0,0,0,0,5472.0,295,0,0,0,0,0,0,0,0,0.5,5471.75,-0.0016977928692699,WDOU25,294.0,295.0,0.052355,0.499151103565365,0.0,589
2025-08-11 10:56:49.193570,5471.5,299,0,0,0,0,0,0,0,0,5472.0,295,0,0,0,0,0,0,0,0,0.5,5471.75,0.0067340067340067,WDOU25,299.0,295.0,0.051146,0.5033670033670034,0.0,594
2025-08-11 10:56:49.244925,5471.5,299,0,0,0,0,0,0,0,0,5472.0,295,0,0,0,0,0,0,0,0,0.5,5471.75,0.0067340067340067,WDOU25,299.0,295.0,0.051355,0.5033670033670034,0.0,594
2025-08-11 10:56:49.295917,5471.5,299,0,0,0,0,0,0,0,0,5472.0,295,0,0,0,0,0,0,0,0,0.5,5471.75,0.0067340067340067,WDOU25,299.0,295.0,0.050992,0.5033670033670034,0.0,594
2025-08-11 10:56:49.348260,5471.5,299,0,0,0,0,0,0,0,0,5472.0,295,0,0,0,0,0,0,0,0,0.5,5471.75,0.0067340067340067,WDOU25,299.0,295.0,0.052343,0.5033670033670034,0.0,594
2025-08-11 10:56:49.400274,5471.5,299,0,0,0,0,0,0,0,0,5472.0,295,0,0,0,0,0,0,0,0,0.5,5471.75,0.0067340067340067,WDOU25,299.0,295.0,0.052014,0.5033670033670034,0.0,594
2025-08-11 10:56:49.453047,5471.5,299,0,0,0,0,0,0,0,0,5472.0,295,0,0,0,0,0,0,0,0,0.5,5471.75,0.0067340067340067,WDOU25,299.0,295.0,0.052773,0.5033670033670034,0.0,594
2025-08-11 10:56:49.505697,5471.5,299,0,0,0,0,0,0,0,0,5472.0,295,0,0,0,0,0,0,0,0,0.5,5471.75,0.0067340067340067,WDOU25,299.0,295.0,0.05265,0.5033670033670034,0.0,594
2025-08-11 10:56:49.559909,5471.5,299,0,0,0,0,0,0,0,0,5472.0,295,0,0,0,0,0,0,0,0,0.5,5471.75,0.0067340067340067,WDOU25,299.0,295.0,0.054212,0.5033670033670034,0.0,594
2025-08-11 10:56:49.612411,5471.5,299,0,0,0,0,0,0,0,0,5472.0,295,0,0,0,0,0,0,0,0,0.5,5471.75,0.0067340067340067,WDOU25,299.0,295.0,0.052502,0.5033670033670034,0.0,594
2025-08-11 10:56:49.663267,5471.5,299,0,0,0,0,0,0,0,0,5472.0,295,0,0,0,0,0,0,0,0,0.5,5471.75,0.0067340067340067,WDOU25,299.0,295.0,0.050856,0.5033670033670034,0.0,594
2025-08-11 10:56:49.714530,5471.5,299,0,0,0,0,0,0,0,0,5472.0,295,0,0,0,0,0,0,0,0,0.5,5471.75,0.0067340067340067,WDOU25,299.0,295.0,0.051263,0.5033670033670034,0.0,594
2025-08-11 10:56:49.767868,5471.5,299,0,0,0,0,0,0,0,0,5472.0,295,0,0,0,0,0,0,0,0,0.5,5471.75,0.0067340067340067,WDOU25,299.0,295.0,0.053338,0.5033670033670034,0.0,594
2025-08-11 10:56:49.819961,5471.5,299,0,0,0,0,0,0,0,0,5472.0,295,0,0,0,0,0,0,0,0,0.5,5471.75,0.0067340067340067,WDOU25,299.0,295.0,0.052093,0.5033670033670034,0.0,594
2025-08-11 10:56:49.872941,5471.5,299,0,0,0,0,0,0,0,0,5472.0,295,0,0,0,0,0,0,0,0,0.5,5471.75,0.0067340067340067,WDOU25,299.0,295.0,0.05298,0.5033670033670034,0.0,594
2025-08-11 10:56:49.924695,5471.5,299,0,0,0,0,0,0,0,0,5472.0,295,0,0,0,0,0,0,0,0,0.5,5471.75,0.0067340067340067,WDOU25,299.0,295.0,0.051754,0.5033670033670034,0.0,594
2025-08-11 10:56:49.977427,5471.5,299,0,0,0,0,0,0,0,0,5472.0,295,0,0,0,0,0,0,0,0,0.5,5471.75,0.0067340067340067,WDOU25,299.0,295.0,0.052732,0.5033670033670034,0.0,594
2025-08-11 10:56:50.029338,5471.5,300,0,0,0,0,0,0,0,0,5472.0,231,0,0,0,0,0,0,0,0,0.5,5471.75,0.1299435028248587,WDOU25,300.0,231.0,0.051911,0.5649717514124294,0.0,531
2025-08-11 10:56:50.083265,5471.5,300,0,0,0,0,0,0,0,0,5472.0,231,0,0,0,0,0,0,0,0,0.5,5471.75,0.1299435028248587,WDOU25,300.0,231.0,0.053927,0.5649717514124294,0.0,531
2025-08-11 10:56:50.137351,5471.5,300,0,0,0,0,0,0,0,0,5472.0,231,0,0,0,0,0,0,0,0,0.5,5471.75,0.1299435028248587,WDOU25,300.0,231.0,0.054086,0.5649717514124294,0.0,531
2025-08-11 10:56:50.189758,5471.5,300,0,0,0,0,0,0,0,0,5472.0,231,0,0,0,0,0,0,0,0,0.5,5471.75,0.1299435028248587,WDOU25,300.0,231.0,0.052407,0.5649717514124294,0.0,531
2025-08-11 10:56:50.240820,5471.5,300,0,0,0,0,0,0,0,0,5472.0,231,0,0,0,0,0,0,0,0,0.5,5471.75,0.1299435028248587,WDOU25,300.0,231.0,0.051062,0.5649717514124294,0.0,531
2025-08-11 10:56:50.291941,5471.5,300,0,0,0,0,0,0,0,0,5472.0,231,0,0,0,0,0,0,0,0,0.5,5471.75,0.1299435028248587,WDOU25,300.0,231.0,0.051121,0.5649717514124294,0.0,531
2025-08-11 10:56:50.343088,5471.5,300,0,0,0,0,0,0,0,0,5472.0,231,0,0,0,0,0,0,0,0,0.5,5471.75,0.1299435028248587,WDOU25,300.0,231.0,0.051147,0.5649717514124294,0.0,531
2025-08-11 10:56:50.394355,5471.5,300,0,0,0,0,0,0,0,0,5472.0,231,0,0,0,0,0,0,0,0,0.5,5471.75,0.1299435028248587,WDOU25,300.0,231.0,0.051267,0.5649717514124294,0.0,531
2025-08-11 10:56:50.445649,5471.5,300,0,0,0,0,0,0,0,0,5472.0,232,0,0,0,0,0,0,0,0,0.5,5471.75,0.1278195488721804,WDOU25,300.0,232.0,0.051294,0.5639097744360902,0.0,532
2025-08-11 10:56:50.496461,5471.5,306,0,0,0,0,0,0,0,0,5472.0,232,0,0,0,0,0,0,0,0,0.5,5471.75,0.137546468401487,WDOU25,306.0,232.0,0.050812,0.5687732342007435,0.0,538
2025-08-11 10:56:50.547377,5471.5,306,0,0,0,0,0,0,0,0,5472.0,232,0,0,0,0,0,0,0,0,0.5,5471.75,0.137546468401487,WDOU25,306.0,232.0,0.050916,0.5687732342007435,0.0,538
2025-08-11 10:56:50.600320,5471.5,306,0,0,0,0,0,0,0,0,5472.0,232,0,0,0,0,0,0,0,0,0.5,5471.75,0.137546468401487,WDOU25,306.0,232.0,0.052943,0.5687732342007435,0.0,538
2025-08-11 10:56:50.653340,5471.5,306,0,0,0,0,0,0,0,0,5472.0,232,0,0,0,0,0,0,0,0,0.5,5471.75,0.137546468401487,WDOU25,306.0,232.0,0.05302,0.5687732342007435,0.0,538
